<?xml version="1.0" encoding="UTF-8"?>
<!DOCTYPE html PUBLIC "-//W3C//DTD XHTML 1.0 Transitional//EN"
    "http://www.w3.org/TR/xhtml1/DTD/xhtml1-transitional.dtd">
<html xmlns="http://www.w3.org/1999/xhtml" xml:lang="en" lang="en">
 <head>
  <title>
</title>
<meta http-equiv="Content-Type" content="text/html;charset=utf-8" />
  <meta name='ocr-system' content='tesseract 3.04.00' />
  <meta name='ocr-capabilities' content='ocr_page ocr_carea ocr_par ocr_line ocrx_word'/>
</head>
<body>
  <div class='ocr_page' id='page_1' title='image "./philosophiaeleib01canz_0203.png"; bbox 0 0 1802 3230; ppageno 0'>
   <div class='ocr_carea' id='block_1_1' title="bbox 0 0 56 1932">
    <p class='ocr_par' dir='ltr' id='par_1_1' title="bbox 0 0 56 1932">
     <span class='ocr_line' id='line_1_1' title="bbox 0 0 56 1932; baseline 0 0"><span class='ocrx_word' id='word_1_1' title='bbox 0 0 56 1932; x_wconf 95' lang='lat' dir='ltr'>      </span> 
     </span>
    </p>
   </div>
   <div class='ocr_carea' id='block_1_2' title="bbox 193 76 1460 172">
    <p class='ocr_par' dir='ltr' id='par_1_2' title="bbox 193 76 1460 172">
     <span class='ocr_line' id='line_1_2' title="bbox 193 76 1460 172; baseline -0.012 -11"><span class='ocrx_word' id='word_1_2' title='bbox 193 100 541 172; x_wconf 62' lang='lat' dir='ltr'>recentiorum</span> <span class='ocrx_word' id='word_1_3' title='bbox 563 96 618 149; x_wconf 83' lang='lat' dir='ltr'>in</span> <span class='ocrx_word' id='word_1_4' title='bbox 643 76 870 150; x_wconf 64' lang='lat' dir='ltr'>articula</span> <span class='ocrx_word' id='word_1_5' title='bbox 896 87 963 147; x_wconf 88' lang='lat' dir='ltr'>de</span> <span class='ocrx_word' id='word_1_6' title='bbox 976 82 1265 170; x_wconf 75' lang='lat' dir='ltr'>firiptura.</span> <span class='ocrx_word' id='word_1_7' title='bbox 1351 109 1376 147; x_wconf 83' lang='lat'>1</span> <span class='ocrx_word' id='word_1_8' title='bbox 1391 99 1460 166; x_wconf 83' lang='lat'>83</span> 
     </span>
    </p>
   </div>
   <div class='ocr_carea' id='block_1_3' title="bbox 23 186 1511 953">
    <p class='ocr_par' dir='ltr' id='par_1_3' title="bbox 23 186 1511 953">
     <span class='ocr_line' id='line_1_3' title="bbox 56 186 1466 277; baseline -0.006 -20"><span class='ocrx_word' id='word_1_9' title='bbox 56 221 207 271; x_wconf 73' lang='lat' dir='ltr'>erm,</span> <span class='ocrx_word' id='word_1_10' title='bbox 239 196 564 276; x_wconf 64' lang='lat' dir='ltr'>circulosque</span> <span class='ocrx_word' id='word_1_11' title='bbox 590 199 931 277; x_wconf 70' lang='lat' dir='ltr'><em>triangulares</em></span> <span class='ocrx_word' id='word_1_12' title='bbox 960 215 991 268; x_wconf 77' lang='lat'>,-</span> <span class='ocrx_word' id='word_1_13' title='bbox 1033 192 1194 254; x_wconf 88' lang='lat' dir='ltr'>sedin</span> <span class='ocrx_word' id='word_1_14' title='bbox 1222 212 1288 250; x_wconf 86' lang='lat' dir='ltr'>eo</span> <span class='ocrx_word' id='word_1_15' title='bbox 1312 186 1466 250; x_wconf 82' lang='lat' dir='ltr'>diffe-</span> 
     </span>
     <span class='ocr_line' id='line_1_4' title="bbox 38 277 1511 364; baseline -0.009 -19"><span class='ocrx_word' id='word_1_16' title='bbox 38 301 190 354; x_wconf 80' lang='lat' dir='ltr'>runt,</span> <span class='ocrx_word' id='word_1_17' title='bbox 211 286 383 364; x_wconf 67' lang='lat' dir='ltr'>&#39;quod</span> <span class='ocrx_word' id='word_1_18' title='bbox 405 281 696 341; x_wconf 87' lang='lat' dir='ltr'>secundum</span> <span class='ocrx_word' id='word_1_19' title='bbox 730 281 926 362; x_wconf 82' lang='lat' dir='ltr'>tegulae</span> <span class='ocrx_word' id='word_1_20' title='bbox 953 277 1357 358; x_wconf 78' lang='lat' dir='ltr'>adplicationem</span> <span class='ocrx_word' id='word_1_21' title='bbox 1374 279 1468 333; x_wconf 87' lang='lat' dir='ltr'>ab·</span> <span class='ocrx_word' id='word_1_22' title='bbox 1508 314 1511 319; x_wconf 37' lang='lat' dir='ltr'><strong>f</strong></span> 
     </span>
     <span class='ocr_line' id='line_1_5' title="bbox 39 357 1466 445; baseline -0.013 -13"><span class='ocrx_word' id='word_1_23' title='bbox 39 387 166 432; x_wconf 73' lang='lat' dir='ltr'>eunt</span> <span class='ocrx_word' id='word_1_24' title='bbox 194 374 247 428; x_wconf 89' lang='lat' dir='ltr'>in</span> <span class='ocrx_word' id='word_1_25' title='bbox 275 365 487 428; x_wconf 86' lang='lat' dir='ltr'>diuersa.</span> <span class='ocrx_word' id='word_1_26' title='bbox 540 368 689 445; x_wconf 66' lang='lat' dir='ltr'>Qiid</span> <span class='ocrx_word' id='word_1_27' title='bbox 715 385 835 445; x_wconf 88' lang='lat' dir='ltr'>tum</span> <span class='ocrx_word' id='word_1_28' title='bbox 855 361 1158 424; x_wconf 87' lang='lat' dir='ltr'>faciendum</span> <span class='ocrx_word' id='word_1_29' title='bbox 1186 357 1293 421; x_wconf 85' lang='lat' dir='ltr'>est?</span> <span class='ocrx_word' id='word_1_30' title='bbox 1321 364 1466 434; x_wconf 63' lang='lat' dir='ltr'>,Quo-</span> 
     </span>
     <span class='ocr_line' id='line_1_6' title="bbox 35 446 1471 529; baseline -0.008 -18"><span class='ocrx_word' id='word_1_31' title='bbox 35 459 175 512; x_wconf 81' lang='lat' dir='ltr'>niam</span> <span class='ocrx_word' id='word_1_32' title='bbox 193 455 464 527; x_wconf 70' lang='lat' dir='ltr'>vocessunt</span> <span class='ocrx_word' id='word_1_33' title='bbox 481 455 856 529; x_wconf 78' lang='lat' dir='ltr'>cogitationum</span> <span class='ocrx_word' id='word_1_34' title='bbox 864 451 1010 528; x_wconf 70' lang='lat' dir='ltr'>signa</span> <span class='ocrx_word' id='word_1_35' title='bbox 1034 474 1048 504; x_wconf 88' lang='lat'>.·</span> <span class='ocrx_word' id='word_1_36' title='bbox 1093 446 1471 525; x_wconf 80' lang='lat' dir='ltr'>inquirendum</span> 
     </span>
     <span class='ocr_line' id='line_1_7' title="bbox 33 536 1467 612; baseline -0.006 -18"><span class='ocrx_word' id='word_1_37' title='bbox 33 543 167 605; x_wconf 72' lang='lat' dir='ltr'>crit,</span> <span class='ocrx_word' id='word_1_38' title='bbox 192 561 261 596; x_wconf 82' lang='lat' dir='ltr'>an</span> <span class='ocrx_word' id='word_1_39' title='bbox 291 536 378 603; x_wconf 78' lang='lat' dir='ltr'>id,</span> <span class='ocrx_word' id='word_1_40' title='bbox 422 536 486 592; x_wconf 82' lang='lat' dir='ltr'>de</span> <span class='ocrx_word' id='word_1_41' title='bbox 507 557 603 612; x_wconf 75' lang='lat' dir='ltr'>quo</span> <span class='ocrx_word' id='word_1_42' title='bbox 627 545 907 611; x_wconf 69' lang='lat' dir='ltr'>quaeritur,</span> <span class='ocrx_word' id='word_1_43' title='bbox 947 536 1164 611; x_wconf 71' lang='lat' dir='ltr'>cogitari</span> <span class='ocrx_word' id='word_1_44' title='bbox 1184 540 1341 608; x_wconf 78' lang='lat' dir='ltr'>queat</span> <span class='ocrx_word' id='word_1_45' title='bbox 1374 548 1467 585; x_wconf 82' lang='lat' dir='ltr'>nec</span> 
     </span>
     <span class='ocr_line' id='line_1_8' title="bbox 32 616 1470 688; baseline -0.006 -12"><span class='ocrx_word' id='word_1_46' title='bbox 32 644 127 688; x_wconf 72' lang='lat' dir='ltr'>ne,</span> <span class='ocrx_word' id='word_1_47' title='bbox 159 626 212 685; x_wconf 86' lang='lat' dir='ltr'>id</span> <span class='ocrx_word' id='word_1_48' title='bbox 234 618 306 681; x_wconf 83' lang='lat' dir='ltr'>est</span> <span class='ocrx_word' id='word_1_49' title='bbox 323 664 338 688; x_wconf 88' lang='lat'><strong>,</strong></span> <span class='ocrx_word' id='word_1_50' title='bbox 365 641 490 677; x_wconf 84' lang='lat' dir='ltr'>num</span> <span class='ocrx_word' id='word_1_51' title='bbox 510 622 742 675; x_wconf 75' lang='lat' dir='ltr'>inuoluat</span> <span class='ocrx_word' id='word_1_52' title='bbox 768 616 1470 679; x_wconf 62' lang='lat' dir='ltr'>contradifflionemmnnon?</span> 
     </span>
     <span class='ocr_line' id='line_1_9' title="bbox 25 694 1466 780; baseline -0.008 -16"><span class='ocrx_word' id='word_1_53' title='bbox 25 707 138 765; x_wconf 71' lang='lat' dir='ltr'>‘Sed</span> <span class='ocrx_word' id='word_1_54' title='bbox 177 707 294 765; x_wconf 84' lang='lat' dir='ltr'>haec</span> <span class='ocrx_word' id='word_1_55' title='bbox 339 704 619 764; x_wconf 80' lang='lat' dir='ltr'>difficultas</span> <span class='ocrx_word' id='word_1_56' title='bbox 663 702 1066 780; x_wconf 87' lang='lat' dir='ltr'>propemodum</span> <span class='ocrx_word' id='word_1_57' title='bbox 1113 694 1466 774; x_wconf 78' lang='lat' dir='ltr'>insuperabilis</span> 
     </span>
     <span class='ocr_line' id='line_1_10' title="bbox 33 785 1467 866; baseline -0.008 -16"><span class='ocrx_word' id='word_1_58' title='bbox 33 787 136 858; x_wconf 82' lang='lat' dir='ltr'>e&#39;st,</span> <span class='ocrx_word' id='word_1_59' title='bbox 173 794 265 850; x_wconf 90' lang='lat' dir='ltr'>vbi</span> <span class='ocrx_word' id='word_1_60' title='bbox 292 809 350 848; x_wconf 85' lang='lat' dir='ltr'>ex</span> <span class='ocrx_word' id='word_1_61' title='bbox 374 805 517 866; x_wconf 87' lang='lat' dir='ltr'>parte</span> <span class='ocrx_word' id='word_1_62' title='bbox 540 806 673 852; x_wconf 65' lang='lat' dir='ltr'>vnai</span> <span class='ocrx_word' id='word_1_63' title='bbox 724 806 815 845; x_wconf 86' lang='lat' dir='ltr'>aut</span> <span class='ocrx_word' id='word_1_64' title='bbox 839 785 995 844; x_wconf 82' lang='lat' dir='ltr'>altera</span> <span class='ocrx_word' id='word_1_65' title='bbox 1027 785 1222 841; x_wconf 85' lang='lat' dir='ltr'>radices</span> <span class='ocrx_word' id='word_1_66' title='bbox 1243 796 1467 862; x_wconf 83' lang='lat' dir='ltr'>egerunt</span> 
     </span>
     <span class='ocr_line' id='line_1_11' title="bbox 23 873 709 953; baseline -0.01 -18"><span class='ocrx_word' id='word_1_67' title='bbox 23 879 315 953; x_wconf 61' lang='lat' dir='ltr'>opiniones</span> <span class='ocrx_word' id='word_1_68' title='bbox 341 873 709 951; x_wconf 83' lang='lat' dir='ltr'>praeiudicatae.</span> 
     </span>
    </p>
   </div>
   <div class='ocr_carea' id='block_1_4' title="bbox 30 974 1471 1628">
    <p class='ocr_par' dir='ltr' id='par_1_4' title="bbox 64 974 1466 1045">
     <span class='ocr_line' id='line_1_12' title="bbox 64 974 1466 1045; baseline -0.006 -12"><span class='ocrx_word' id='word_1_69' title='bbox 64 989 203 1045; x_wconf 82' lang='lat'>(254)</span> <span class='ocrx_word' id='word_1_70' title='bbox 235 989 306 1033; x_wconf 82' lang='lat' dir='ltr'>Ita</span> <span class='ocrx_word' id='word_1_71' title='bbox 319 983 441 1032; x_wconf 63' lang='lat' dir='ltr'>redte</span> <span class='ocrx_word' id='word_1_72' title='bbox 461 979 630 1029; x_wconf 82' lang='lat' dir='ltr'>decidit</span> <span class='ocrx_word' id='word_1_73' title='bbox 651 975 963 1026; x_wconf 78' lang='lat' dir='ltr'>Tschirnhaus.</span> <span class='ocrx_word' id='word_1_74' title='bbox 988 979 1035 1023; x_wconf 85' lang='lat' dir='ltr'>in</span> <span class='ocrx_word' id='word_1_75' title='bbox 1059 974 1284 1024; x_wconf 80' lang='lat' dir='ltr'>medIcina</span> <span class='ocrx_word' id='word_1_76' title='bbox 1299 979 1466 1024; x_wconf 73' lang='lat' dir='ltr'>mentis</span> 
     </span>
    </p>

    <p class='ocr_par' dir='ltr' id='par_1_5' title="bbox 30 1041 1468 1241">
     <span class='ocr_line' id='line_1_13' title="bbox 96 1041 1468 1114; baseline -0.007 -17"><span class='ocrx_word' id='word_1_77' title='bbox 96 1063 212 1114; x_wconf 86' lang='lat' dir='ltr'>part.</span> <span class='ocrx_word' id='word_1_78' title='bbox 226 1053 285 1097; x_wconf 92' lang='lat' dir='ltr'>II.</span> <span class='ocrx_word' id='word_1_79' title='bbox 315 1065 359 1112; x_wconf 88' lang='lat' dir='ltr'>p.</span> <span class='ocrx_word' id='word_1_80' title='bbox 387 1050 461 1109; x_wconf 85' lang='lat'>36.</span> <span class='ocrx_word' id='word_1_81' title='bbox 495 1045 616 1093; x_wconf 82' lang='lat' dir='ltr'>nulla</span> <span class='ocrx_word' id='word_1_82' title='bbox 641 1046 740 1089; x_wconf 75' lang='lat' dir='ltr'>alia</span> <span class='ocrx_word' id='word_1_83' title='bbox 774 1042 1033 1106; x_wconf 77' lang='lat' dir='ltr'>differentia</span> <span class='ocrx_word' id='word_1_84' title='bbox 1057 1041 1112 1103; x_wconf 86' lang='lat' dir='ltr'>est</span> <span class='ocrx_word' id='word_1_85' title='bbox 1127 1074 1142 1096; x_wconf 87' lang='lat'><em>,</em></span> <span class='ocrx_word' id='word_1_86' title='bbox 1173 1047 1291 1089; x_wconf 76' lang='lat' dir='ltr'>inter</span> <span class='ocrx_word' id='word_1_87' title='bbox 1311 1061 1384 1089; x_wconf 85' lang='lat' dir='ltr'>ens</span> <span class='ocrx_word' id='word_1_88' title='bbox 1410 1041 1468 1097; x_wconf 70' lang='lat'>&amp;-</span> 
     </span>
     <span class='ocr_line' id='line_1_14' title="bbox 30 1105 1467 1175; baseline -0.006 -15"><span class='ocrx_word' id='word_1_89' title='bbox 30 1128 53 1160; x_wconf 58' lang='lat' dir='ltr'><strong>Q</strong></span> <span class='ocrx_word' id='word_1_90' title='bbox 97 1132 187 1162; x_wconf 88' lang='lat' dir='ltr'>non</span> <span class='ocrx_word' id='word_1_91' title='bbox 209 1131 283 1160; x_wconf 83' lang='lat' dir='ltr'>ens</span> <span class='ocrx_word' id='word_1_92' title='bbox 297 1147 313 1168; x_wconf 91' lang='lat'><em>‚</em></span> <span class='ocrx_word' id='word_1_93' title='bbox 349 1128 483 1175; x_wconf 85' lang='lat' dir='ltr'>quam</span> <span class='ocrx_word' id='word_1_94' title='bbox 501 1114 620 1156; x_wconf 85' lang='lat' dir='ltr'>inter</span> <span class='ocrx_word' id='word_1_95' title='bbox 639 1105 823 1170; x_wconf 81' lang='lat' dir='ltr'>poffibile</span> <span class='ocrx_word' id='word_1_96' title='bbox 834 1139 849 1161; x_wconf 89' lang='lat'><em>,</em></span> <span class='ocrx_word' id='word_1_97' title='bbox 885 1108 933 1161; x_wconf 60' lang='grc' dir='ltr'><em>ὅ</em></span> <span class='ocrx_word' id='word_1_98' title='bbox 947 1105 1191 1170; x_wconf 82' lang='lat' dir='ltr'>impoffibile</span> <span class='ocrx_word' id='word_1_99' title='bbox 1201 1138 1225 1162; x_wconf 65' lang='lat' dir='ltr'>,‚v</span> <span class='ocrx_word' id='word_1_100' title='bbox 1254 1107 1330 1169; x_wconf 76' lang='lat' dir='ltr'>fin</span> <span class='ocrx_word' id='word_1_101' title='bbox 1349 1113 1467 1156; x_wconf 84' lang='lat' dir='ltr'>inter</span> 
     </span>
     <span class='ocr_line' id='line_1_15' title="bbox 97 1170 1055 1241; baseline -0.01 -14"><span class='ocrx_word' id='word_1_102' title='bbox 97 1180 175 1234; x_wconf 86' lang='lat' dir='ltr'>id,</span> <span class='ocrx_word' id='word_1_103' title='bbox 208 1177 326 1241; x_wconf 81' lang='lat' dir='ltr'>quod</span> <span class='ocrx_word' id='word_1_104' title='bbox 337 1174 472 1240; x_wconf 83' lang='lat' dir='ltr'>potest</span> <span class='ocrx_word' id='word_1_105' title='bbox 496 1178 667 1235; x_wconf 84' lang='lat' dir='ltr'><em>concipi</em></span> <span class='ocrx_word' id='word_1_106' title='bbox 690 1170 737 1225; x_wconf 57' lang='grc' dir='ltr'>εί</span> <span class='ocrx_word' id='word_1_107' title='bbox 761 1187 849 1215; x_wconf 89' lang='lat' dir='ltr'>non</span> <span class='ocrx_word' id='word_1_108' title='bbox 870 1178 1055 1234; x_wconf 77' lang='lat' dir='ltr'><em>concipi.</em></span> 
     </span>
    </p>

    <p class='ocr_par' dir='ltr' id='par_1_6' title="bbox 65 1233 1471 1565">
     <span class='ocr_line' id='line_1_16' title="bbox 65 1233 1464 1306; baseline -0.004 -15"><span class='ocrx_word' id='word_1_109' title='bbox 65 1246 206 1306; x_wconf 78' lang='lat'><em>(255)</em></span> <span class='ocrx_word' id='word_1_110' title='bbox 238 1240 347 1287; x_wconf 84' lang='lat' dir='ltr'>Vid.</span> <span class='ocrx_word' id='word_1_111' title='bbox 368 1238 565 1285; x_wconf 82' lang='lat' dir='ltr'>Leibnit.</span> <span class='ocrx_word' id='word_1_112' title='bbox 589 1234 766 1283; x_wconf 66' lang='lat' dir='ltr'>discum.</span> <span class='ocrx_word' id='word_1_113' title='bbox 788 1233 844 1279; x_wconf 86' lang='lat' dir='ltr'>de</span> <span class='ocrx_word' id='word_1_114' title='bbox 865 1235 1075 1284; x_wconf 76' lang='lat' dir='ltr'>hat-mon.</span> <span class='ocrx_word' id='word_1_115' title='bbox 1102 1249 1187 1283; x_wconf 84' lang='lat' dir='ltr'>rat.</span> <span class='ocrx_word' id='word_1_116' title='bbox 1212 1237 1256 1284; x_wconf 88' lang='lat'>&amp;</span> <span class='ocrx_word' id='word_1_117' title='bbox 1277 1237 1464 1286; x_wconf 85' lang='lat' dir='ltr'>reuelat.</span> 
     </span>
     <span class='ocr_line' id='line_1_17' title="bbox 98 1298 1467 1367; baseline -0.005 -11"><span class='ocrx_word' id='word_1_118' title='bbox 98 1301 469 1367; x_wconf 80' lang='lat' dir='ltr'>theod.praemiff.</span> <span class='ocrx_word' id='word_1_119' title='bbox 494 1298 538 1362; x_wconf 97' lang='lat' dir='ltr'>Q.</span> <span class='ocrx_word' id='word_1_120' title='bbox 556 1317 605 1348; x_wconf 72' lang='grc' dir='ltr'>ιι</span> <span class='ocrx_word' id='word_1_121' title='bbox 619 1335 630 1348; x_wconf 89' lang='grc'><strong><em>.</em></strong></span> <span class='ocrx_word' id='word_1_122' title='bbox 665 1298 741 1345; x_wconf 85' lang='lat' dir='ltr'>vbi</span> <span class='ocrx_word' id='word_1_123' title='bbox 763 1298 1015 1359; x_wconf 81' lang='lat' dir='ltr'>grauiffima</span> <span class='ocrx_word' id='word_1_124' title='bbox 1035 1301 1160 1347; x_wconf 83' lang='lat' dir='ltr'>huius</span> <span class='ocrx_word' id='word_1_125' title='bbox 1177 1303 1240 1346; x_wconf 85' lang='lat' dir='ltr'>rei</span> <span class='ocrx_word' id='word_1_126' title='bbox 1261 1303 1467 1363; x_wconf 79' lang='lat' dir='ltr'>exempla</span> 
     </span>
     <span class='ocr_line' id='line_1_18' title="bbox 94 1360 1471 1433; baseline -0.005 -14"><span class='ocrx_word' id='word_1_127' title='bbox 94 1372 293 1433; x_wconf 83' lang='lat' dir='ltr'>allegat,</span> <span class='ocrx_word' id='word_1_128' title='bbox 329 1384 425 1433; x_wconf 84' lang='lat' dir='ltr'>quae</span> <span class='ocrx_word' id='word_1_129' title='bbox 450 1368 648 1426; x_wconf 81' lang='lat' dir='ltr'>integras</span> <span class='ocrx_word' id='word_1_130' title='bbox 662 1360 862 1410; x_wconf 84' lang='lat' dir='ltr'>ecclefias</span> <span class='ocrx_word' id='word_1_131' title='bbox 877 1363 1101 1412; x_wconf 82' lang='lat' dir='ltr'>diuidunt.</span> <span class='ocrx_word' id='word_1_132' title='bbox 1135 1366 1203 1410; x_wconf 85' lang='lat' dir='ltr'>Sic</span> <span class='ocrx_word' id='word_1_133' title='bbox 1230 1365 1471 1413; x_wconf 86' lang='lat' dir='ltr'>reformati</span> 
     </span>
     <span class='ocr_line' id='line_1_19' title="bbox 96 1431 1467 1493; baseline -0.005 -10"><span class='ocrx_word' id='word_1_134' title='bbox 96 1435 288 1483; x_wconf 81' lang='lat' dir='ltr'>credunt</span> <span class='ocrx_word' id='word_1_135' title='bbox 302 1465 316 1492; x_wconf 85' lang='lat'>,</span> <span class='ocrx_word' id='word_1_136' title='bbox 348 1431 736 1482; x_wconf 62' lang='lat' dir='ltr'>contradictionem</span> <span class='ocrx_word' id='word_1_137' title='bbox 757 1431 1007 1484; x_wconf 85' lang='lat' dir='ltr'>inuoluere,</span> <span class='ocrx_word' id='word_1_138' title='bbox 1030 1431 1135 1477; x_wconf 78' lang='lat' dir='ltr'>dari</span> <span class='ocrx_word' id='word_1_139' title='bbox 1154 1445 1302 1493; x_wconf 64' lang='lat' dir='ltr'>corpus</span> <span class='ocrx_word' id='word_1_140' title='bbox 1319 1436 1467 1476; x_wconf 81' lang='lat' dir='ltr'>omni-</span> 
     </span>
     <span class='ocr_line' id='line_1_20' title="bbox 90 1492 1466 1565; baseline -0.006 -19"><span class='ocrx_word' id='word_1_141' title='bbox 90 1499 298 1565; x_wconf 77' lang='lat' dir='ltr'>praeſsns,</span> <span class='ocrx_word' id='word_1_142' title='bbox 331 1510 476 1558; x_wconf 88' lang='lat' dir='ltr'>eoque</span> <span class='ocrx_word' id='word_1_143' title='bbox 497 1493 632 1539; x_wconf 82' lang='lat' dir='ltr'>verba</span> <span class='ocrx_word' id='word_1_144' title='bbox 655 1511 667 1540; x_wconf 70' lang='grc' dir='ltr'><strong><em>ε</em></strong></span> <span class='ocrx_word' id='word_1_145' title='bbox 717 1493 792 1538; x_wconf 86' lang='lat' dir='ltr'>boc</span> <span class='ocrx_word' id='word_1_146' title='bbox 813 1492 867 1553; x_wconf 78' lang='lat' dir='ltr'>est</span> <span class='ocrx_word' id='word_1_147' title='bbox 892 1506 1038 1554; x_wconf 76' lang='lat' dir='ltr'>corpus</span> <span class='ocrx_word' id='word_1_148' title='bbox 1059 1511 1199 1541; x_wconf 82' lang='lat' dir='ltr'>meum</span> <span class='ocrx_word' id='word_1_149' title='bbox 1210 1526 1229 1549; x_wconf 86' lang='lat'><em>‚</em></span> <span class='ocrx_word' id='word_1_150' title='bbox 1263 1509 1362 1540; x_wconf 88' lang='lat' dir='ltr'>non</span> <span class='ocrx_word' id='word_1_151' title='bbox 1385 1509 1466 1539; x_wconf 80' lang='lat' dir='ltr'>ex-</span> 
     </span>
    </p>

    <p class='ocr_par' dir='ltr' id='par_1_7' title="bbox 32 1555 1470 1628">
     <span class='ocr_line' id='line_1_21' title="bbox 32 1555 1470 1628; baseline -0.005 -19"><span class='ocrx_word' id='word_1_152' title='bbox 32 1612 35 1613; x_wconf 16' lang='lat'><strong>.</strong></span> <span class='ocrx_word' id='word_1_153' title='bbox 92 1565 265 1628; x_wconf 86' lang='lat' dir='ltr'>plicant</span> <span class='ocrx_word' id='word_1_154' title='bbox 279 1564 408 1608; x_wconf 82' lang='lat' dir='ltr'>iuxta</span> <span class='ocrx_word' id='word_1_155' title='bbox 430 1559 645 1603; x_wconf 83' lang='lat' dir='ltr'>litteram.</span> <span class='ocrx_word' id='word_1_156' title='bbox 674 1557 956 1603; x_wconf 85' lang='lat' dir='ltr'>contrarium</span> <span class='ocrx_word' id='word_1_157' title='bbox 982 1555 1177 1604; x_wconf 84' lang='lat' dir='ltr'>sentiunt</span> <span class='ocrx_word' id='word_1_158' title='bbox 1202 1557 1470 1622; x_wconf 72' lang='lat' dir='ltr'>Augustanae</span> 
     </span>
    </p>
   </div>
   <div class='ocr_carea' id='block_1_5' title="bbox 64 1621 931 1687">
    <p class='ocr_par' dir='ltr' id='par_1_8' title="bbox 64 1621 931 1687">
     <span class='ocr_line' id='line_1_22' title="bbox 64 1621 931 1687; baseline -0.015 -9"><span class='ocrx_word' id='word_1_159' title='bbox 64 1638 67 1643; x_wconf 84' lang='lat'>&#39;</span> <span class='ocrx_word' id='word_1_160' title='bbox 92 1624 390 1687; x_wconf 72' lang='lat' dir='ltr'>confeffionis</span> <span class='ocrx_word' id='word_1_161' title='bbox 412 1638 512 1672; x_wconf 84' lang='lat' dir='ltr'>non</span> <span class='ocrx_word' id='word_1_162' title='bbox 532 1623 709 1669; x_wconf 77' lang='lat' dir='ltr'>variatae</span> <span class='ocrx_word' id='word_1_163' title='bbox 732 1621 931 1684; x_wconf 85' lang='lat' dir='ltr'>patroni.</span> 
     </span>
    </p>
   </div>
   <div class='ocr_carea' id='block_1_6' title="bbox 0 1717 1730 2978">
    <p class='ocr_par' dir='ltr' id='par_1_9' title="bbox 600 1717 834 1782">
     <span class='ocr_line' id='line_1_23' title="bbox 600 1717 834 1782; baseline 0.017 -4"><span class='ocrx_word' id='word_1_164' title='bbox 600 1717 648 1778; x_wconf 84' lang='lat'>§·</span> <span class='ocrx_word' id='word_1_165' title='bbox 706 1722 770 1782; x_wconf 81' lang='lat'>15·</span> <span class='ocrx_word' id='word_1_166' title='bbox 788 1724 834 1782; x_wconf 84' lang='lat'>5·</span> 
     </span>
    </p>

    <p class='ocr_par' dir='ltr' id='par_1_10' title="bbox 0 1802 1730 2062">
     <span class='ocr_line' id='line_1_24' title="bbox 168 1802 1730 1895; baseline -0.003 -28"><span class='ocrx_word' id='word_1_167' title='bbox 168 1813 310 1895; x_wconf 82' lang='lat' dir='ltr'>Qia</span> <span class='ocrx_word' id='word_1_168' title='bbox 332 1813 722 1889; x_wconf 84' lang='lat' dir='ltr'>cogitationum</span> <span class='ocrx_word' id='word_1_169' title='bbox 743 1811 1058 1876; x_wconf 86' lang='lat' dir='ltr'>diuinarum,</span> <span class='ocrx_word' id='word_1_170' title='bbox 1072 1831 1300 1888; x_wconf 80' lang='lat' dir='ltr'>quarum</span> <span class='ocrx_word' id='word_1_171' title='bbox 1320 1828 1458 1868; x_wconf 63' lang='lat' dir='ltr'>voca</span> <span class='ocrx_word' id='word_1_172' title='bbox 1484 1806 1593 1852; x_wconf 77' lang='lat' dir='ltr'>Alia</span> <span class='ocrx_word' id='word_1_173' title='bbox 1607 1802 1730 1867; x_wconf 68' lang='lat' dir='ltr'>diff-j</span> 
     </span>
     <span class='ocr_line' id='line_1_25' title="bbox 20 1873 1640 1976; baseline 0.002 -27"><span class='ocrx_word' id='word_1_174' title='bbox 20 1897 159 1976; x_wconf 81' lang='lat' dir='ltr'>figna</span> <span class='ocrx_word' id='word_1_175' title='bbox 181 1898 333 1971; x_wconf 83' lang='lat' dir='ltr'>sunt,</span> <span class='ocrx_word' id='word_1_176' title='bbox 378 1889 743 1971; x_wconf 75' lang='lat' dir='ltr'>profunditaS,</span> <span class='ocrx_word' id='word_1_177' title='bbox 785 1890 961 1953; x_wconf 82' lang='lat' dir='ltr'>nostra</span> <span class='ocrx_word' id='word_1_178' title='bbox 989 1899 1150 1952; x_wconf 84' lang='lat' dir='ltr'>animi</span> <span class='ocrx_word' id='word_1_179' title='bbox 1181 1892 1316 1953; x_wconf 86' lang='lat' dir='ltr'>sensa</span> <span class='ocrx_word' id='word_1_180' title='bbox 1343 1892 1461 1953; x_wconf 85' lang='lat' dir='ltr'>infi-</span> <span class='ocrx_word' id='word_1_181' title='bbox 1484 1873 1640 1920; x_wconf 73' lang='lat' dir='ltr'>cultas.</span> 
     </span>
     <span class='ocr_line' id='line_1_26' title="bbox 0 1974 1456 2062; baseline 0.001 -26"><span class='ocrx_word' id='word_1_182' title='bbox 0 1983 151 2062; x_wconf 45' lang='lat' dir='ltr'>4nitis</span> <span class='ocrx_word' id='word_1_183' title='bbox 180 1974 301 2057; x_wconf 85' lang='lat' dir='ltr'>post</span> <span class='ocrx_word' id='word_1_184' title='bbox 328 1975 375 2034; x_wconf 87' lang='lat' dir='ltr'>se</span> <span class='ocrx_word' id='word_1_185' title='bbox 412 1974 502 2048; x_wconf 71' lang='grc' dir='ltr'>(ἃ</span> <span class='ocrx_word' id='word_1_186' title='bbox 525 1981 577 2033; x_wconf 82' lang='grc' dir='ltr'>ἰη</span> <span class='ocrx_word' id='word_1_187' title='bbox 601 1997 770 2057; x_wconf 85' lang='lat' dir='ltr'>regno</span> <span class='ocrx_word' id='word_1_188' title='bbox 793 1979 1040 2051; x_wconf 82' lang='lat' dir='ltr'>naturae)</span> <span class='ocrx_word' id='word_1_189' title='bbox 1071 1978 1356 2059; x_wconf 84' lang='lat' dir='ltr'>parasangis</span> <span class='ocrx_word' id='word_1_190' title='bbox 1379 2000 1456 2037; x_wconf 88' lang='lat' dir='ltr'>re-</span> 
     </span>
    </p>

    <p class='ocr_par' dir='ltr' id='par_1_11' title="bbox 0 2059 1463 2476">
     <span class='ocr_line' id='line_1_27' title="bbox 0 2059 1460 2139; baseline 0.002 -21"><span class='ocrx_word' id='word_1_191' title='bbox 0 2068 1 2118; x_wconf 64' lang='lat'>}</span> <span class='ocrx_word' id='word_1_192' title='bbox 29 2066 221 2138; x_wconf 86' lang='lat' dir='ltr'>linquit</span> <span class='ocrx_word' id='word_1_193' title='bbox 248 2060 373 2120; x_wconf 87' lang='lat' dir='ltr'>Esai.</span> <span class='ocrx_word' id='word_1_194' title='bbox 394 2062 512 2118; x_wconf 91' lang='lat' dir='ltr'>LV.</span> <span class='ocrx_word' id='word_1_195' title='bbox 536 2071 591 2124; x_wconf 86' lang='lat'>8.</span> <span class='ocrx_word' id='word_1_196' title='bbox 610 2077 664 2137; x_wconf 91' lang='lat'>9.</span> <span class='ocrx_word' id='word_1_197' title='bbox 709 2059 818 2120; x_wconf 82' lang='lat' dir='ltr'>fieri</span> <span class='ocrx_word' id='word_1_198' title='bbox 850 2082 963 2119; x_wconf 88' lang='lat' dir='ltr'>non</span> <span class='ocrx_word' id='word_1_199' title='bbox 990 2059 1192 2139; x_wconf 87' lang='lat' dir='ltr'>potest,</span> <span class='ocrx_word' id='word_1_200' title='bbox 1240 2081 1302 2122; x_wconf 91' lang='lat' dir='ltr'>vt</span> <span class='ocrx_word' id='word_1_201' title='bbox 1329 2065 1460 2121; x_wconf 85' lang='lat' dir='ltr'>ideae</span> 
     </span>
     <span class='ocr_line' id='line_1_28' title="bbox 30 2143 1461 2225; baseline -0.002 -19"><span class='ocrx_word' id='word_1_202' title='bbox 30 2143 345 2209; x_wconf 84' lang='lat' dir='ltr'>nostraeillas</span> <span class='ocrx_word' id='word_1_203' title='bbox 358 2164 663 2222; x_wconf 78' lang='lat' dir='ltr'>exaequent,</span> <span class='ocrx_word' id='word_1_204' title='bbox 694 2163 786 2203; x_wconf 86' lang='lat' dir='ltr'>aut</span> <span class='ocrx_word' id='word_1_205' title='bbox 810 2165 1003 2212; x_wconf 88' lang='lat' dir='ltr'>rerum,</span> <span class='ocrx_word' id='word_1_206' title='bbox 1024 2151 1203 2207; x_wconf 88' lang='lat' dir='ltr'>animo</span> <span class='ocrx_word' id='word_1_207' title='bbox 1225 2166 1314 2225; x_wconf 87' lang='lat' dir='ltr'>per</span> <span class='ocrx_word' id='word_1_208' title='bbox 1344 2167 1461 2204; x_wconf 85' lang='lat' dir='ltr'>ver·</span> 
     </span>
     <span class='ocr_line' id='line_1_29' title="bbox 29 2226 1459 2310; baseline -0.002 -19"><span class='ocrx_word' id='word_1_209' title='bbox 29 2233 165 2291; x_wconf 85' lang='lat' dir='ltr'>bum</span> <span class='ocrx_word' id='word_1_210' title='bbox 191 2229 493 2290; x_wconf 86' lang='lat' dir='ltr'>oblatarum</span> <span class='ocrx_word' id='word_1_211' title='bbox 511 2273 524 2294; x_wconf 94' lang='lat'>,</span> <span class='ocrx_word' id='word_1_212' title='bbox 568 2226 821 2304; x_wconf 59' lang='lat' dir='ltr'>perfefi&#39;tas</span> <span class='ocrx_word' id='word_1_213' title='bbox 852 2227 1210 2289; x_wconf 83' lang='lat' dir='ltr'>nanciscantur</span> <span class='ocrx_word' id='word_1_214' title='bbox 1236 2230 1459 2310; x_wconf 87' lang='lat' dir='ltr'>explica·</span> 
     </span>
     <span class='ocr_line' id='line_1_30' title="bbox 14 2312 1461 2389; baseline -0.002 -15"><span class='ocrx_word' id='word_1_215' title='bbox 14 2319 222 2384; x_wconf 68' lang='lat' dir='ltr'>tiones,</span> <span class='ocrx_word' id='word_1_216' title='bbox 242 2312 528 2371; x_wconf 80' lang='lat' dir='ltr'>sufficiente</span> <span class='ocrx_word' id='word_1_217' title='bbox 550 2313 782 2389; x_wconf 80' lang='lat' dir='ltr'>praesenti</span> <span class='ocrx_word' id='word_1_218' title='bbox 800 2313 1163 2388; x_wconf 83' lang='lat' dir='ltr'>phaenomeno</span> <span class='ocrx_word' id='word_1_219' title='bbox 1180 2314 1284 2374; x_wconf 80' lang='lat' dir='ltr'>fine</span> <span class='ocrx_word' id='word_1_220' title='bbox 1299 2318 1461 2372; x_wconf 83' lang='lat' dir='ltr'>adcu-</span> 
     </span>
     <span class='ocr_line' id='line_1_31' title="bbox 28 2395 1463 2476; baseline 0.001 -20"><span class='ocrx_word' id='word_1_221' title='bbox 28 2404 204 2458; x_wconf 89' lang='lat' dir='ltr'>ratiori</span> <span class='ocrx_word' id='word_1_222' title='bbox 228 2395 557 2474; x_wconf 67' lang='lat' dir='ltr'>expositione</span> <span class='ocrx_word' id='word_1_223' title='bbox 579 2400 644 2453; x_wconf 89' lang='lat' dir='ltr'>ad</span> <span class='ocrx_word' id='word_1_224' title='bbox 667 2395 921 2473; x_wconf 84' lang='lat' dir='ltr'>scopum,</span> <span class='ocrx_word' id='word_1_225' title='bbox 958 2420 1117 2476; x_wconf 88' lang='lat' dir='ltr'>quem</span> <span class='ocrx_word' id='word_1_226' title='bbox 1145 2398 1238 2459; x_wconf 86' lang='lat' dir='ltr'>s1bi</span> <span class='ocrx_word' id='word_1_227' title='bbox 1266 2401 1463 2457; x_wconf 88' lang='lat' dir='ltr'>DEVS</span> 
     </span>
    </p>

    <p class='ocr_par' dir='ltr' id='par_1_12' title="bbox 27 2480 1462 2900">
     <span class='ocr_line' id='line_1_32' title="bbox 27 2480 1460 2564; baseline -0.001 -22"><span class='ocrx_word' id='word_1_228' title='bbox 27 2486 197 2542; x_wconf 75' lang='lat' dir='ltr'>¹verbo</span> <span class='ocrx_word' id='word_1_229' title='bbox 212 2480 485 2560; x_wconf 76' lang='lat' dir='ltr'>praefixum</span> <span class='ocrx_word' id='word_1_230' title='bbox 505 2480 683 2539; x_wconf 89' lang='lat' dir='ltr'>habet.</span> <span class='ocrx_word' id='word_1_231' title='bbox 766 2483 843 2539; x_wconf 86' lang='lat' dir='ltr'>Ex</span> <span class='ocrx_word' id='word_1_232' title='bbox 864 2484 1328 2564; x_wconf 82' lang='lat' dir='ltr'>quointelligitur,</span> <span class='ocrx_word' id='word_1_233' title='bbox 1361 2504 1460 2540; x_wconf 89' lang='lat' dir='ltr'>vo-</span> 
     </span>
     <span class='ocr_line' id='line_1_33' title="bbox 29 2560 1462 2649; baseline 0 -25"><span class='ocrx_word' id='word_1_234' title='bbox 29 2586 115 2626; x_wconf 78' lang='lat' dir='ltr'>ces</span> <span class='ocrx_word' id='word_1_235' title='bbox 129 2567 391 2644; x_wconf 80' lang='lat' dir='ltr'>scripturae</span> <span class='ocrx_word' id='word_1_236' title='bbox 403 2560 709 2642; x_wconf 86' lang='lat' dir='ltr'>frequenter</span> <span class='ocrx_word' id='word_1_237' title='bbox 725 2566 850 2623; x_wconf 86' lang='lat' dir='ltr'>tales</span> <span class='ocrx_word' id='word_1_238' title='bbox 866 2565 1062 2646; x_wconf 79' lang='lat' dir='ltr'>fignate</span> <span class='ocrx_word' id='word_1_239' title='bbox 1089 2574 1462 2649; x_wconf 75' lang='lat' dir='ltr'>cogitatione5‚</span> 
     </span>
     <span class='ocr_line' id='line_1_34' title="bbox 31 2644 1461 2730; baseline -0.001 -22"><span class='ocrx_word' id='word_1_240' title='bbox 31 2670 147 2726; x_wconf 81' lang='lat' dir='ltr'>quae</span> <span class='ocrx_word' id='word_1_241' title='bbox 177 2672 353 2711; x_wconf 88' lang='lat' dir='ltr'>rerum</span> <span class='ocrx_word' id='word_1_242' title='bbox 383 2644 648 2706; x_wconf 64' lang='lat' dir='ltr'>distinfias</span> <span class='ocrx_word' id='word_1_243' title='bbox 669 2648 1165 2730; x_wconf 86' lang='lat' dir='ltr'>philosophicasque</span> <span class='ocrx_word' id='word_1_244' title='bbox 1191 2654 1461 2711; x_wconf 78' lang='lat' dir='ltr'>euolutio-</span> 
     </span>
     <span class='ocr_line' id='line_1_35' title="bbox 32 2731 1458 2816; baseline 0.001 -26"><span class='ocrx_word' id='word_1_245' title='bbox 32 2753 124 2791; x_wconf 86' lang='lat' dir='ltr'>nes</span> <span class='ocrx_word' id='word_1_246' title='bbox 137 2756 246 2793; x_wconf 91' lang='lat' dir='ltr'>non</span> <span class='ocrx_word' id='word_1_247' title='bbox 264 2731 729 2809; x_wconf 67' lang='lat' dir='ltr'>comple&amp;untur;</span> <span class='ocrx_word' id='word_1_248' title='bbox 755 2732 847 2791; x_wconf 80' lang='lat' dir='ltr'>effe</span> <span class='ocrx_word' id='word_1_249' title='bbox 870 2740 1030 2816; x_wconf 79' lang='lat' dir='ltr'>igitur</span> <span class='ocrx_word' id='word_1_250' title='bbox 1046 2739 1306 2796; x_wconf 79' lang='lat' dir='ltr'>vocabula</span> <span class='ocrx_word' id='word_1_251' title='bbox 1325 2741 1458 2794; x_wconf 62' lang='lat' dir='ltr'>eius-</span> 
     </span>
     <span class='ocr_line' id='line_1_36' title="bbox 32 2814 1461 2900; baseline -0.001 -26"><span class='ocrx_word' id='word_1_252' title='bbox 32 2821 213 2886; x_wconf 84' lang='lat' dir='ltr'>modi,</span> <span class='ocrx_word' id='word_1_253' title='bbox 252 2835 311 2879; x_wconf 89' lang='lat' dir='ltr'>vt</span> <span class='ocrx_word' id='word_1_254' title='bbox 334 2814 783 2895; x_wconf 84' lang='lat' dir='ltr'>philosophorum</span> <span class='ocrx_word' id='word_1_255' title='bbox 820 2839 919 2877; x_wconf 88' lang='lat' dir='ltr'>nec</span> <span class='ocrx_word' id='word_1_256' title='bbox 946 2840 1124 2881; x_wconf 83' lang='lat' dir='ltr'>veram</span> <span class='ocrx_word' id='word_1_257' title='bbox 1153 2822 1461 2900; x_wconf 73' lang='lat' dir='ltr'>explicatio-</span> 
     </span>
    </p>

    <p class='ocr_par' dir='ltr' id='par_1_13' title="bbox 688 2901 1456 2978">
     <span class='ocr_line' id='line_1_37' title="bbox 688 2901 1456 2978; baseline 0.004 -22"><span class='ocrx_word' id='word_1_258' title='bbox 688 2901 753 2956; x_wconf 88' lang='lat' dir='ltr'>M</span> <span class='ocrx_word' id='word_1_259' title='bbox 792 2921 831 2978; x_wconf 85' lang='lat'>4</span> <span class='ocrx_word' id='word_1_260' title='bbox 1332 2922 1456 2959; x_wconf 87' lang='lat' dir='ltr'>nem</span> 
     </span>
    </p>
   </div>
  </div>
 </body>
</html>
