<?xml version="1.0" encoding="UTF-8"?>
<!DOCTYPE html PUBLIC "-//W3C//DTD XHTML 1.0 Transitional//EN"
    "http://www.w3.org/TR/xhtml1/DTD/xhtml1-transitional.dtd">
<html xmlns="http://www.w3.org/1999/xhtml" xml:lang="en" lang="en">
 <head>
  <title>
</title>
<meta http-equiv="Content-Type" content="text/html;charset=utf-8" />
  <meta name='ocr-system' content='tesseract 3.04.00' />
  <meta name='ocr-capabilities' content='ocr_page ocr_carea ocr_par ocr_line ocrx_word'/>
</head>
<body>
  <div class='ocr_page' id='page_1' title='image "./philosophiaeleib01canz_0521.png"; bbox 0 0 1802 3230; ppageno 0'>
   <div class='ocr_carea' id='block_1_1' title="bbox 477 117 1470 188">
    <p class='ocr_par' dir='ltr' id='par_1_1' title="bbox 477 117 1470 188">
     <span class='ocr_line' id='line_1_1' title="bbox 477 117 1470 188; baseline -0.003 -10"><span class='ocrx_word' id='word_1_1' title='bbox 477 120 566 178; x_wconf 84' lang='lat' dir='ltr'>De</span> <span class='ocrx_word' id='word_1_2' title='bbox 592 120 707 175; x_wconf 77' lang='lat' dir='ltr'>vita</span> <span class='ocrx_word' id='word_1_3' title='bbox 733 117 794 179; x_wconf 60' lang='grc' dir='ltr'>(ῥ’</span> <span class='ocrx_word' id='word_1_4' title='bbox 820 133 1000 176; x_wconf 81' lang='lat' dir='ltr'>morte.</span> <span class='ocrx_word' id='word_1_5' title='bbox 1335 133 1441 188; x_wconf 73' lang='lat'>501</span> <span class='ocrx_word' id='word_1_6' title='bbox 1468 138 1470 140; x_wconf 88' lang='lat'>·</span> 
     </span>
    </p>
   </div>
   <div class='ocr_carea' id='block_1_2' title="bbox 67 220 1464 1751">
    <p class='ocr_par' dir='ltr' id='par_1_2' title="bbox 67 220 1464 1751">
     <span class='ocr_line' id='line_1_2' title="bbox 72 220 1451 290; baseline -0.008 -14"><span class='ocrx_word' id='word_1_7' title='bbox 72 229 182 290; x_wconf 23' lang='lat' dir='ltr'>&#39;vita</span> <span class='ocrx_word' id='word_1_8' title='bbox 210 220 267 282; x_wconf 72' lang='grc' dir='ltr'>ὁ·</span> <span class='ocrx_word' id='word_1_9' title='bbox 295 228 479 288; x_wconf 57' lang='lat' dir='ltr'>corpori«</span> <span class='ocrx_word' id='word_1_10' title='bbox 511 222 567 281; x_wconf 64' lang='grc' dir='ltr'><em>ά</em></span> <span class='ocrx_word' id='word_1_11' title='bbox 596 232 927 274; x_wconf 68' lang='lat' dir='ltr'>anime-&#39;nemo</span> <span class='ocrx_word' id='word_1_12' title='bbox 961 239 1126 272; x_wconf 81' lang='lat' dir='ltr'>temere</span> <span class='ocrx_word' id='word_1_13' title='bbox 1150 224 1379 269; x_wconf 75' lang='lat' dir='ltr'>vocauerit</span> <span class='ocrx_word' id='word_1_14' title='bbox 1402 221 1451 265; x_wconf 76' lang='lat' dir='ltr'>in</span> 
     </span>
     <span class='ocr_line' id='line_1_3' title="bbox 67 286 1464 352; baseline -0.009 -12"><span class='ocrx_word' id='word_1_15' title='bbox 67 291 289 340; x_wconf 68' lang='lat' dir='ltr'>dubium.</span> <span class='ocrx_word' id='word_1_16' title='bbox 348 289 493 352; x_wconf 83' lang='lat' dir='ltr'>Atqui</span> <span class='ocrx_word' id='word_1_17' title='bbox 513 304 567 334; x_wconf 86' lang='lat' dir='ltr'>ex</span> <span class='ocrx_word' id='word_1_18' title='bbox 586 292 637 334; x_wconf 84' lang='lat' dir='ltr'>iis</span> <span class='ocrx_word' id='word_1_19' title='bbox 659 292 949 352; x_wconf 83' lang='lat' dir='ltr'>patet‚vitam</span> <span class='ocrx_word' id='word_1_20' title='bbox 969 302 1204 349; x_wconf 76' lang='lat' dir='ltr'>Vtramque</span> <span class='ocrx_word' id='word_1_21' title='bbox 1227 303 1280 332; x_wconf 82' lang='lat' dir='ltr'>ex</span> <span class='ocrx_word' id='word_1_22' title='bbox 1301 286 1464 332; x_wconf 70' lang='lat' dir='ltr'>affin--</span> 
     </span>
     <span class='ocr_line' id='line_1_4' title="bbox 83 343 1451 418; baseline -0.008 -15"><span class='ocrx_word' id='word_1_23' title='bbox 83 353 220 403; x_wconf 73' lang='lat' dir='ltr'>nibus</span> <span class='ocrx_word' id='word_1_24' title='bbox 241 350 346 399; x_wconf 89' lang='lat' dir='ltr'>hinc</span> <span class='ocrx_word' id='word_1_25' title='bbox 365 353 542 409; x_wconf 77' lang='lat' dir='ltr'>animae,</span> <span class='ocrx_word' id='word_1_26' title='bbox 557 353 680 400; x_wconf 86' lang='lat' dir='ltr'>illinc</span> <span class='ocrx_word' id='word_1_27' title='bbox 705 355 908 418; x_wconf 85' lang='lat' dir='ltr'>corporis</span> <span class='ocrx_word' id='word_1_28' title='bbox 927 352 1216 399; x_wconf 86' lang='lat' dir='ltr'>metiendam.</span> <span class='ocrx_word' id='word_1_29' title='bbox 1276 343 1451 414; x_wconf 81' lang='lat' dir='ltr'>Qodfi</span> 
     </span>
     <span class='ocr_line' id='line_1_5' title="bbox 83 408 1453 480; baseline -0.008 -14"><span class='ocrx_word' id='word_1_30' title='bbox 83 420 224 480; x_wconf 81' lang='lat' dir='ltr'>igitur</span> <span class='ocrx_word' id='word_1_31' title='bbox 259 418 350 463; x_wconf 91' lang='lat' dir='ltr'>vita</span> <span class='ocrx_word' id='word_1_32' title='bbox 380 415 441 461; x_wconf 87' lang='lat' dir='ltr'>est</span> <span class='ocrx_word' id='word_1_33' title='bbox 476 418 793 479; x_wconf 82' lang='lat' dir='ltr'>operationum</span> <span class='ocrx_word' id='word_1_34' title='bbox 830 417 971 476; x_wconf 88' lang='lat' dir='ltr'>fons,</span> <span class='ocrx_word' id='word_1_35' title='bbox 1007 415 1309 476; x_wconf 73' lang='lat' dir='ltr'>intelligitur,</span> <span class='ocrx_word' id='word_1_36' title='bbox 1344 408 1453 473; x_wconf 82' lang='lat' dir='ltr'>quid</span> 
     </span>
     <span class='ocr_line' id='line_1_6' title="bbox 86 474 1453 544; baseline -0.007 -15"><span class='ocrx_word' id='word_1_37' title='bbox 86 484 144 529; x_wconf 86' lang='lat' dir='ltr'>de</span> <span class='ocrx_word' id='word_1_38' title='bbox 171 480 385 530; x_wconf 89' lang='lat' dir='ltr'>Leibnitii</span> <span class='ocrx_word' id='word_1_39' title='bbox 415 478 635 528; x_wconf 84' lang='lat' dir='ltr'>sententia</span> <span class='ocrx_word' id='word_1_40' title='bbox 667 481 952 539; x_wconf 87' lang='lat' dir='ltr'>iudicandum</span> <span class='ocrx_word' id='word_1_41' title='bbox 972 512 987 538; x_wconf 60' lang='lat'><strong>2</strong></span> <span class='ocrx_word' id='word_1_42' title='bbox 1025 482 1101 544; x_wconf 89' lang='lat' dir='ltr'>qui</span> <span class='ocrx_word' id='word_1_43' title='bbox 1132 481 1180 524; x_wconf 88' lang='lat' dir='ltr'>in</span> <span class='ocrx_word' id='word_1_44' title='bbox 1210 474 1453 525; x_wconf 78' lang='lat' dir='ltr'>monadol.</span> 
     </span>
     <span class='ocr_line' id='line_1_7' title="bbox 89 542 1452 608; baseline -0.006 -15"><span class='ocrx_word' id='word_1_45' title='bbox 89 546 130 608; x_wconf 83' lang='lat'>§.</span> <span class='ocrx_word' id='word_1_46' title='bbox 160 563 234 605; x_wconf 87' lang='lat'>7¹·</span> <span class='ocrx_word' id='word_1_47' title='bbox 270 547 344 591; x_wconf 83' lang='lat' dir='ltr'>nil</span> <span class='ocrx_word' id='word_1_48' title='bbox 371 550 423 591; x_wconf 87' lang='lat' dir='ltr'>in</span> <span class='ocrx_word' id='word_1_49' title='bbox 447 557 616 593; x_wconf 83' lang='lat' dir='ltr'>natura</span> <span class='ocrx_word' id='word_1_50' title='bbox 632 545 779 608; x_wconf 80' lang='lat' dir='ltr'>sterile</span> <span class='ocrx_word' id='word_1_51' title='bbox 799 579 816 602; x_wconf 87' lang='lat'><em>‚</em></span> <span class='ocrx_word' id='word_1_52' title='bbox 852 550 923 592; x_wconf 87' lang='lat' dir='ltr'>nil</span> <span class='ocrx_word' id='word_1_53' title='bbox 942 558 1160 592; x_wconf 81' lang='lat' dir='ltr'>mortuum</span> <span class='ocrx_word' id='word_1_54' title='bbox 1181 573 1199 596; x_wconf 87' lang='lat'><em>,</em></span> <span class='ocrx_word' id='word_1_55' title='bbox 1232 542 1354 588; x_wconf 86' lang='lat' dir='ltr'>nihil</span> <span class='ocrx_word' id='word_1_56' title='bbox 1374 544 1452 585; x_wconf 83' lang='lat' dir='ltr'>in-</span> 
     </span>
     <span class='ocr_line' id='line_1_8' title="bbox 86 600 1453 673; baseline -0.009 -15"><span class='ocrx_word' id='word_1_57' title='bbox 86 615 252 660; x_wconf 80' lang='lat' dir='ltr'>cultum</span> <span class='ocrx_word' id='word_1_58' title='bbox 280 606 352 673; x_wconf 83' lang='lat' dir='ltr'>effe</span> <span class='ocrx_word' id='word_1_59' title='bbox 379 606 575 656; x_wconf 82' lang='lat' dir='ltr'>affirmat</span> <span class='ocrx_word' id='word_1_60' title='bbox 596 625 607 655; x_wconf 93' lang='lat'><strong>:</strong></span> <span class='ocrx_word' id='word_1_61' title='bbox 642 624 780 655; x_wconf 90' lang='lat' dir='ltr'>omne</span> <span class='ocrx_word' id='word_1_62' title='bbox 801 610 920 656; x_wconf 87' lang='lat' dir='ltr'>enim</span> <span class='ocrx_word' id='word_1_63' title='bbox 942 623 1021 654; x_wconf 87' lang='lat' dir='ltr'>ens</span> <span class='ocrx_word' id='word_1_64' title='bbox 1038 641 1052 664; x_wconf 95' lang='lat'>,</span> <span class='ocrx_word' id='word_1_65' title='bbox 1089 623 1142 653; x_wconf 86' lang='lat' dir='ltr'>ex</span> <span class='ocrx_word' id='word_1_66' title='bbox 1165 604 1344 652; x_wconf 83' lang='lat' dir='ltr'>illustris</span> <span class='ocrx_word' id='word_1_67' title='bbox 1367 600 1453 648; x_wconf 84' lang='lat' dir='ltr'>viri</span> 
     </span>
     <span class='ocr_line' id='line_1_9' title="bbox 87 670 1454 735; baseline -0.005 -16"><span class='ocrx_word' id='word_1_68' title='bbox 87 687 243 722; x_wconf 83' lang='lat' dir='ltr'>mente</span> <span class='ocrx_word' id='word_1_69' title='bbox 262 704 275 727; x_wconf 91' lang='lat'>‚</span> <span class='ocrx_word' id='word_1_70' title='bbox 311 672 468 733; x_wconf 81' lang='lat' dir='ltr'>procul</span> <span class='ocrx_word' id='word_1_71' title='bbox 500 674 628 718; x_wconf 82' lang='lat' dir='ltr'>omni</span> <span class='ocrx_word' id='word_1_72' title='bbox 662 672 802 719; x_wconf 85' lang='lat' dir='ltr'>dubio</span> <span class='ocrx_word' id='word_1_73' title='bbox 822 705 836 729; x_wconf 88' lang='lat'>‚</span> <span class='ocrx_word' id='word_1_74' title='bbox 871 685 1088 735; x_wconf 89' lang='lat' dir='ltr'>quatenus</span> <span class='ocrx_word' id='word_1_75' title='bbox 1113 671 1173 717; x_wconf 88' lang='lat' dir='ltr'>est</span> <span class='ocrx_word' id='word_1_76' title='bbox 1197 670 1454 733; x_wconf 82' lang='lat' dir='ltr'>pofitiuum,</span> 
     </span>
     <span class='ocr_line' id='line_1_10' title="bbox 87 729 1454 799; baseline -0.004 -15"><span class='ocrx_word' id='word_1_77' title='bbox 87 739 198 784; x_wconf 63' lang='lat' dir='ltr'>vim*</span> <span class='ocrx_word' id='word_1_78' title='bbox 216 734 379 799; x_wconf 87' lang='lat' dir='ltr'>agendi</span> <span class='ocrx_word' id='word_1_79' title='bbox 407 735 577 789; x_wconf 88' lang='lat' dir='ltr'>habet;</span> <span class='ocrx_word' id='word_1_80' title='bbox 612 750 830 799; x_wconf 85' lang='lat' dir='ltr'>quatenus</span> <span class='ocrx_word' id='word_1_81' title='bbox 855 736 915 781; x_wconf 88' lang='lat' dir='ltr'>est</span> <span class='ocrx_word' id='word_1_82' title='bbox 937 742 1218 798; x_wconf 81' lang='lat' dir='ltr'>priuatiuum</span> <span class='ocrx_word' id='word_1_83' title='bbox 1235 766 1250 787; x_wconf 93' lang='lat'><em>‚</em></span> <span class='ocrx_word' id='word_1_84' title='bbox 1286 732 1350 775; x_wconf 82' lang='lat' dir='ltr'>vis</span> <span class='ocrx_word' id='word_1_85' title='bbox 1373 729 1454 774; x_wconf 76' lang='lat' dir='ltr'>illa</span> 
     </span>
     <span class='ocr_line' id='line_1_11' title="bbox 85 794 1454 863; baseline -0.008 -15"><span class='ocrx_word' id='word_1_86' title='bbox 85 801 285 849; x_wconf 80' lang='lat' dir='ltr'>limitata</span> <span class='ocrx_word' id='word_1_87' title='bbox 311 798 522 863; x_wconf 77' lang='lat' dir='ltr'>paffluum</span> <span class='ocrx_word' id='word_1_88' title='bbox 543 799 590 845; x_wconf 87' lang='lat' dir='ltr'>in</span> <span class='ocrx_word' id='word_1_89' title='bbox 612 815 659 845; x_wconf 86' lang='lat' dir='ltr'>re</span> <span class='ocrx_word' id='word_1_90' title='bbox 680 800 927 846; x_wconf 85' lang='lat' dir='ltr'>constituit.</span> <span class='ocrx_word' id='word_1_91' title='bbox 1001 802 1042 844; x_wconf 91' lang='lat' dir='ltr'>Si</span> <span class='ocrx_word' id='word_1_92' title='bbox 1063 815 1163 845; x_wconf 89' lang='lat' dir='ltr'>cum</span> <span class='ocrx_word' id='word_1_93' title='bbox 1188 794 1454 842; x_wconf 83' lang='lat' dir='ltr'>Malebran-</span> 
     </span>
     <span class='ocr_line' id='line_1_12' title="bbox 88 859 1452 926; baseline -0.008 -15"><span class='ocrx_word' id='word_1_94' title='bbox 88 865 195 911; x_wconf 87' lang='lat' dir='ltr'>chio</span> <span class='ocrx_word' id='word_1_95' title='bbox 219 878 378 910; x_wconf 86' lang='lat' dir='ltr'>omnes</span> <span class='ocrx_word' id='word_1_96' title='bbox 397 877 464 908; x_wconf 86' lang='lat' dir='ltr'>res</span> <span class='ocrx_word' id='word_1_97' title='bbox 486 876 654 909; x_wconf 88' lang='lat' dir='ltr'>creatas</span> <span class='ocrx_word' id='word_1_98' title='bbox 677 863 837 909; x_wconf 82' lang='lat' dir='ltr'>dixeris</span> <span class='ocrx_word' id='word_1_99' title='bbox 859 878 978 910; x_wconf 86' lang='lat' dir='ltr'>mere</span> <span class='ocrx_word' id='word_1_100' title='bbox 992 862 1173 926; x_wconf 67' lang='lat' dir='ltr'>paffluas</span> <span class='ocrx_word' id='word_1_101' title='bbox 1192 894 1207 916; x_wconf 90' lang='lat'><em>‚</em></span> <span class='ocrx_word' id='word_1_102' title='bbox 1243 859 1313 905; x_wconf 83' lang='lat' dir='ltr'>vel</span> <span class='ocrx_word' id='word_1_103' title='bbox 1328 872 1452 903; x_wconf 84' lang='lat' dir='ltr'>non-</span> 
     </span>
     <span class='ocr_line' id='line_1_13' title="bbox 84 923 1455 989; baseline -0.009 -13"><span class='ocrx_word' id='word_1_104' title='bbox 84 928 234 976; x_wconf 79' lang='lat' dir='ltr'>nullas</span> <span class='ocrx_word' id='word_1_105' title='bbox 266 939 419 981; x_wconf 76' lang='lat' dir='ltr'>certe3</span> <span class='ocrx_word' id='word_1_106' title='bbox 454 941 547 972; x_wconf 88' lang='lat' dir='ltr'>rem</span> <span class='ocrx_word' id='word_1_107' title='bbox 574 925 705 989; x_wconf 79' lang='lat' dir='ltr'>fingis</span> <span class='ocrx_word' id='word_1_108' title='bbox 729 942 784 971; x_wconf 83' lang='lat' dir='ltr'>ex</span> <span class='ocrx_word' id='word_1_109' title='bbox 811 928 941 973; x_wconf 87' lang='lat' dir='ltr'>meris</span> <span class='ocrx_word' id='word_1_110' title='bbox 965 924 1212 972; x_wconf 62' lang='lat' dir='ltr'>defezstibus</span> <span class='ocrx_word' id='word_1_111' title='bbox 1236 926 1280 968; x_wconf 71' lang='grc' dir='ltr'>δι</span> <span class='ocrx_word' id='word_1_112' title='bbox 1305 923 1455 983; x_wconf 85' lang='lat' dir='ltr'>priua-</span> 
     </span>
     <span class='ocr_line' id='line_1_14' title="bbox 86 988 1452 1053; baseline -0.008 -14"><span class='ocrx_word' id='word_1_113' title='bbox 86 991 295 1039; x_wconf 85' lang='lat' dir='ltr'>tionibus</span> <span class='ocrx_word' id='word_1_114' title='bbox 316 990 562 1038; x_wconf 87' lang='lat' dir='ltr'>conflatam</span> <span class='ocrx_word' id='word_1_115' title='bbox 585 1008 596 1037; x_wconf 75' lang='lat' dir='ltr'>t</span> <span class='ocrx_word' id='word_1_116' title='bbox 631 990 738 1053; x_wconf 88' lang='lat' dir='ltr'>quid</span> <span class='ocrx_word' id='word_1_117' title='bbox 760 993 877 1037; x_wconf 84' lang='lat' dir='ltr'>enim</span> <span class='ocrx_word' id='word_1_118' title='bbox 902 990 988 1046; x_wconf 83' lang='lat' dir='ltr'>est,</span> <span class='ocrx_word' id='word_1_119' title='bbox 1003 994 1180 1053; x_wconf 81' lang='lat' dir='ltr'>patiens</span> <span class='ocrx_word' id='word_1_120' title='bbox 1204 988 1300 1050; x_wconf 62' lang='lat' dir='ltr'>effe,</span> <span class='ocrx_word' id='word_1_121' title='bbox 1318 998 1452 1047; x_wconf 89' lang='lat' dir='ltr'>quam</span> 
     </span>
     <span class='ocr_line' id='line_1_15' title="bbox 86 1048 1455 1117; baseline -0.009 -13"><span class='ocrx_word' id='word_1_122' title='bbox 86 1070 190 1105; x_wconf 79' lang='lat' dir='ltr'>non</span> <span class='ocrx_word' id='word_1_123' title='bbox 226 1068 356 1116; x_wconf 82' lang='lat' dir='ltr'>agere</span> <span class='ocrx_word' id='word_1_124' title='bbox 376 1086 391 1111; x_wconf 87' lang='lat'>,</span> <span class='ocrx_word' id='word_1_125' title='bbox 438 1052 483 1099; x_wconf 85' lang='lat' dir='ltr'>id</span> <span class='ocrx_word' id='word_1_126' title='bbox 517 1053 577 1099; x_wconf 87' lang='lat' dir='ltr'>est</span> <span class='ocrx_word' id='word_1_127' title='bbox 597 1086 612 1110; x_wconf 83' lang='lat'>,</span> <span class='ocrx_word' id='word_1_128' title='bbox 656 1058 903 1101; x_wconf 82' lang='lat' dir='ltr'>limitatum</span> <span class='ocrx_word' id='word_1_129' title='bbox 933 1053 1004 1117; x_wconf 72' lang='lat' dir='ltr'><em>ff</em></span> <span class='ocrx_word' id='word_1_130' title='bbox 1039 1053 1213 1099; x_wconf 73' lang='lat' dir='ltr'>viribus</span> <span class='ocrx_word' id='word_1_131' title='bbox 1247 1051 1408 1113; x_wconf 74' lang='lat' dir='ltr'>agendi</span> <span class='ocrx_word' id='word_1_132' title='bbox 1430 1048 1455 1093; x_wconf 64' lang='grc'>,7</span> 
     </span>
     <span class='ocr_line' id='line_1_16' title="bbox 87 1111 1458 1181; baseline -0.009 -15"><span class='ocrx_word' id='word_1_133' title='bbox 87 1119 254 1166; x_wconf 75' lang='lat' dir='ltr'>statuis</span> <span class='ocrx_word' id='word_1_134' title='bbox 275 1117 423 1181; x_wconf 91' lang='lat' dir='ltr'>itaque</span> <span class='ocrx_word' id='word_1_135' title='bbox 447 1118 741 1164; x_wconf 80' lang='lat' dir='ltr'>limitationes</span> <span class='ocrx_word' id='word_1_136' title='bbox 767 1117 854 1163; x_wconf 84' lang='lat' dir='ltr'>fine</span> <span class='ocrx_word' id='word_1_137' title='bbox 875 1134 920 1164; x_wconf 90' lang='lat' dir='ltr'>re</span> <span class='ocrx_word' id='word_1_138' title='bbox 943 1119 1135 1163; x_wconf 89' lang='lat' dir='ltr'>limitata</span> <span class='ocrx_word' id='word_1_139' title='bbox 1157 1148 1170 1172; x_wconf 90' lang='lat'>‚</span> <span class='ocrx_word' id='word_1_140' title='bbox 1205 1111 1385 1176; x_wconf 76' lang='lat' dir='ltr'>pei-inde</span> <span class='ocrx_word' id='word_1_141' title='bbox 1400 1124 1458 1155; x_wconf 76' lang='lat' dir='ltr'>ae</span> 
     </span>
     <span class='ocr_line' id='line_1_17' title="bbox 87 1176 1451 1244; baseline -0.01 -13"><span class='ocrx_word' id='word_1_142' title='bbox 87 1180 122 1231; x_wconf 80' lang='lat' dir='ltr'>fi</span> <span class='ocrx_word' id='word_1_143' title='bbox 149 1196 384 1229; x_wconf 85' lang='lat' dir='ltr'>numerum</span> <span class='ocrx_word' id='word_1_144' title='bbox 418 1182 671 1243; x_wconf 85' lang='lat' dir='ltr'>computari</span> <span class='ocrx_word' id='word_1_145' title='bbox 703 1180 822 1244; x_wconf 78' lang='lat' dir='ltr'>poss‘e</span> <span class='ocrx_word' id='word_1_146' title='bbox 850 1181 1015 1228; x_wconf 83' lang='lat' dir='ltr'>diceres</span> <span class='ocrx_word' id='word_1_147' title='bbox 1040 1195 1093 1225; x_wconf 83' lang='lat' dir='ltr'>ex</span> <span class='ocrx_word' id='word_1_148' title='bbox 1121 1181 1251 1226; x_wconf 87' lang='lat' dir='ltr'>meris</span> <span class='ocrx_word' id='word_1_149' title='bbox 1276 1176 1451 1222; x_wconf 84' lang='lat' dir='ltr'>subtra-</span> 
     </span>
     <span class='ocr_line' id='line_1_18' title="bbox 82 1243 1450 1308; baseline -0.007 -15"><span class='ocrx_word' id='word_1_150' title='bbox 82 1243 334 1293; x_wconf 53' lang='lat' dir='ltr'>&amp;ionibuffi</span> <span class='ocrx_word' id='word_1_151' title='bbox 408 1246 634 1308; x_wconf 83' lang='lat' dir='ltr'>roirca</span> <span class='ocrx_word' id='word_1_152' title='bbox 656 1246 810 1307; x_wconf 83' lang='lat' dir='ltr'>negari</span> <span class='ocrx_word' id='word_1_153' title='bbox 831 1261 929 1292; x_wconf 88' lang='lat' dir='ltr'>non</span> <span class='ocrx_word' id='word_1_154' title='bbox 954 1245 1087 1292; x_wconf 84' lang='lat' dir='ltr'>debet</span> <span class='ocrx_word' id='word_1_155' title='bbox 1102 1276 1114 1300; x_wconf 87' lang='lat'>‚</span> <span class='ocrx_word' id='word_1_156' title='bbox 1137 1257 1318 1289; x_wconf 84' lang='lat' dir='ltr'>omnem</span> <span class='ocrx_word' id='word_1_157' title='bbox 1337 1254 1450 1293; x_wconf 83' lang='lat' dir='ltr'>rem,</span> 
     </span>
     <span class='ocr_line' id='line_1_19' title="bbox 85 1303 1450 1374; baseline -0.003 -18"><span class='ocrx_word' id='word_1_158' title='bbox 85 1326 182 1374; x_wconf 81' lang='lat' dir='ltr'>quae</span> <span class='ocrx_word' id='word_1_159' title='bbox 215 1311 260 1355; x_wconf 87' lang='lat'>&amp;</span> <span class='ocrx_word' id='word_1_160' title='bbox 299 1325 384 1371; x_wconf 89' lang='lat' dir='ltr'>qua</span> <span class='ocrx_word' id='word_1_161' title='bbox 414 1307 575 1354; x_wconf 73' lang='lat' dir='ltr'>exsistit</span> <span class='ocrx_word' id='word_1_162' title='bbox 594 1340 608 1365; x_wconf 91' lang='lat'>,</span> <span class='ocrx_word' id='word_1_163' title='bbox 646 1311 736 1355; x_wconf 88' lang='lat' dir='ltr'>vim</span> <span class='ocrx_word' id='word_1_164' title='bbox 766 1310 928 1372; x_wconf 81' lang='lat' dir='ltr'>agendi</span> <span class='ocrx_word' id='word_1_165' title='bbox 962 1309 1123 1355; x_wconf 89' lang='lat' dir='ltr'>habere</span> <span class='ocrx_word' id='word_1_166' title='bbox 1143 1339 1157 1362; x_wconf 93' lang='lat'>,</span> <span class='ocrx_word' id='word_1_167' title='bbox 1193 1306 1333 1366; x_wconf 85' lang='lat' dir='ltr'>magis</span> <span class='ocrx_word' id='word_1_168' title='bbox 1359 1303 1450 1352; x_wconf 86' lang='lat' dir='ltr'>mi-</span> 
     </span>
     <span class='ocr_line' id='line_1_20' title="bbox 84 1366 1452 1435; baseline -0.007 -15"><span class='ocrx_word' id='word_1_169' title='bbox 84 1388 256 1434; x_wconf 85' lang='lat' dir='ltr'>nusque</span> <span class='ocrx_word' id='word_1_170' title='bbox 277 1373 515 1418; x_wconf 88' lang='lat' dir='ltr'>limitatam</span> <span class='ocrx_word' id='word_1_171' title='bbox 533 1406 546 1430; x_wconf 85' lang='lat'><em>‚</em></span> <span class='ocrx_word' id='word_1_172' title='bbox 568 1389 649 1435; x_wconf 84' lang='lat' dir='ltr'>pro</span> <span class='ocrx_word' id='word_1_173' title='bbox 675 1388 722 1418; x_wconf 84' lang='lat' dir='ltr'>re</span> <span class='ocrx_word' id='word_1_174' title='bbox 741 1388 847 1419; x_wconf 87' lang='lat' dir='ltr'>nata</span> <span class='ocrx_word' id='word_1_175' title='bbox 872 1375 960 1420; x_wconf 88' lang='lat' dir='ltr'>&amp;c.</span> <span class='ocrx_word' id='word_1_176' title='bbox 1028 1372 1152 1417; x_wconf 86' lang='lat' dir='ltr'>Nihil</span> <span class='ocrx_word' id='word_1_177' title='bbox 1181 1372 1315 1431; x_wconf 77' lang='lat' dir='ltr'>igitur</span> <span class='ocrx_word' id='word_1_178' title='bbox 1333 1398 1346 1422; x_wconf 88' lang='lat'>‚</span> <span class='ocrx_word' id='word_1_179' title='bbox 1373 1366 1452 1411; x_wconf 89' lang='lat' dir='ltr'>suo</span> 
     </span>
     <span class='ocr_line' id='line_1_21' title="bbox 88 1430 1453 1501; baseline -0.002 -20"><span class='ocrx_word' id='word_1_180' title='bbox 88 1437 233 1486; x_wconf 83' lang='lat' dir='ltr'>modo</span> <span class='ocrx_word' id='word_1_181' title='bbox 255 1468 269 1492; x_wconf 91' lang='lat'>,</span> <span class='ocrx_word' id='word_1_182' title='bbox 300 1451 398 1482; x_wconf 86' lang='lat' dir='ltr'>non</span> <span class='ocrx_word' id='word_1_183' title='bbox 432 1436 541 1481; x_wconf 87' lang='lat' dir='ltr'>viuit</span> <span class='ocrx_word' id='word_1_184' title='bbox 563 1468 576 1492; x_wconf 89' lang='lat'>‚</span> <span class='ocrx_word' id='word_1_185' title='bbox 613 1437 715 1499; x_wconf 87' lang='lat' dir='ltr'>quia</span> <span class='ocrx_word' id='word_1_186' title='bbox 745 1436 860 1482; x_wconf 82' lang='lat' dir='ltr'>nibil</span> <span class='ocrx_word' id='word_1_187' title='bbox 883 1453 981 1484; x_wconf 88' lang='lat' dir='ltr'>non</span> <span class='ocrx_word' id='word_1_188' title='bbox 1004 1435 1194 1501; x_wconf 86' lang='lat' dir='ltr'>quadam</span> <span class='ocrx_word' id='word_1_189' title='bbox 1217 1430 1382 1495; x_wconf 80' lang='lat' dir='ltr'>agendi</span> <span class='ocrx_word' id='word_1_190' title='bbox 1407 1430 1453 1475; x_wconf 80' lang='lat' dir='ltr'>vi</span> 
     </span>
     <span class='ocr_line' id='line_1_22' title="bbox 83 1494 1455 1564; baseline -0.005 -17"><span class='ocrx_word' id='word_1_191' title='bbox 83 1499 318 1564; x_wconf 82' lang='lat' dir='ltr'>praeditum</span> <span class='ocrx_word' id='word_1_192' title='bbox 342 1499 426 1548; x_wconf 50' lang='lat' dir='ltr'>sest.</span> <span class='ocrx_word' id='word_1_193' title='bbox 510 1498 604 1544; x_wconf 75' lang='lat' dir='ltr'>Nisi</span> <span class='ocrx_word' id='word_1_194' title='bbox 635 1498 757 1546; x_wconf 82' lang='lat' dir='ltr'>forte</span> <span class='ocrx_word' id='word_1_195' title='bbox 790 1499 958 1558; x_wconf 79' lang='lat' dir='ltr'>fuerit,</span> <span class='ocrx_word' id='word_1_196' title='bbox 1008 1513 1056 1547; x_wconf 89' lang='lat' dir='ltr'>vt</span> <span class='ocrx_word' id='word_1_197' title='bbox 1087 1500 1224 1544; x_wconf 84' lang='lat' dir='ltr'>vitam</span> <span class='ocrx_word' id='word_1_198' title='bbox 1258 1494 1455 1558; x_wconf 82' lang='lat' dir='ltr'>adpelles</span> 
     </span>
     <span class='ocr_line' id='line_1_23' title="bbox 85 1562 1454 1627; baseline -0.007 -14"><span class='ocrx_word' id='word_1_199' title='bbox 85 1577 266 1613; x_wconf 84' lang='lat' dir='ltr'>tantum</span> <span class='ocrx_word' id='word_1_200' title='bbox 277 1563 599 1627; x_wconf 79' lang='lat' dir='ltr'>staturigincm</span> <span class='ocrx_word' id='word_1_201' title='bbox 618 1570 943 1624; x_wconf 80' lang='lat' dir='ltr'>operationum,</span> <span class='ocrx_word' id='word_1_202' title='bbox 963 1580 1051 1625; x_wconf 65' lang='grc' dir='ltr'>φα</span> <span class='ocrx_word' id='word_1_203' title='bbox 1070 1569 1119 1608; x_wconf 86' lang='lat' dir='ltr'>in</span> <span class='ocrx_word' id='word_1_204' title='bbox 1141 1562 1280 1625; x_wconf 72' lang='lat' dir='ltr'>finsm</span> <span class='ocrx_word' id='word_1_205' title='bbox 1301 1566 1454 1607; x_wconf 80' lang='lat' dir='ltr'>incur-</span> 
     </span>
     <span class='ocr_line' id='line_1_24' title="bbox 84 1624 1456 1691; baseline -0.007 -14"><span class='ocrx_word' id='word_1_206' title='bbox 84 1639 193 1677; x_wconf 78' lang='lat' dir='ltr'>runt</span> <span class='ocrx_word' id='word_1_207' title='bbox 212 1661 227 1682; x_wconf 95' lang='lat'><em>‚</em></span> <span class='ocrx_word' id='word_1_208' title='bbox 261 1644 355 1690; x_wconf 84' lang='lat' dir='ltr'>quae</span> <span class='ocrx_word' id='word_1_209' title='bbox 375 1644 426 1673; x_wconf 85' lang='lat' dir='ltr'>en</span> <span class='ocrx_word' id='word_1_210' title='bbox 442 1644 545 1691; x_wconf 84' lang='lat' dir='ltr'>gros</span> <span class='ocrx_word' id='word_1_211' title='bbox 567 1626 783 1687; x_wconf 83' lang='lat' dir='ltr'>adparent</span> <span class='ocrx_word' id='word_1_212' title='bbox 802 1660 815 1684; x_wconf 88' lang='lat'>,</span> <span class='ocrx_word' id='word_1_213' title='bbox 854 1642 988 1690; x_wconf 89' lang='lat' dir='ltr'>atque</span> <span class='ocrx_word' id='word_1_214' title='bbox 1014 1627 1225 1673; x_wconf 85' lang='lat' dir='ltr'>excludas</span> <span class='ocrx_word' id='word_1_215' title='bbox 1250 1624 1456 1672; x_wconf 49' lang='lat' dir='ltr'>actiones</span> 
     </span>
     <span class='ocr_line' id='line_1_25' title="bbox 85 1688 1454 1751; baseline -0.003 -15"><span class='ocrx_word' id='word_1_216' title='bbox 85 1692 380 1741; x_wconf 85' lang='lat' dir='ltr'>minutiarum</span> <span class='ocrx_word' id='word_1_217' title='bbox 410 1688 590 1738; x_wconf 84' lang='lat' dir='ltr'>nostros</span> <span class='ocrx_word' id='word_1_218' title='bbox 623 1689 848 1751; x_wconf 73' lang='lat' dir='ltr'>fugientes</span> <span class='ocrx_word' id='word_1_219' title='bbox 888 1691 1041 1739; x_wconf 77' lang='lat' dir='ltr'>sensus.</span> <span class='ocrx_word' id='word_1_220' title='bbox 1115 1695 1184 1737; x_wconf 88' lang='lat' dir='ltr'>Ita</span> <span class='ocrx_word' id='word_1_221' title='bbox 1216 1705 1324 1735; x_wconf 82' lang='lat' dir='ltr'>vero</span> <span class='ocrx_word' id='word_1_222' title='bbox 1354 1689 1454 1733; x_wconf 81' lang='lat' dir='ltr'>non</span> 
     </span>
    </p>
   </div>
   <div class='ocr_carea' id='block_1_3' title="bbox 85 1751 1519 1810">
    <p class='ocr_par' dir='ltr' id='par_1_3' title="bbox 85 1751 1519 1810">
     <span class='ocr_line' id='line_1_26' title="bbox 85 1751 1519 1810; baseline -0.005 -7"><span class='ocrx_word' id='word_1_223' title='bbox 85 1757 241 1806; x_wconf 82' lang='lat' dir='ltr'>viuent</span> <span class='ocrx_word' id='word_1_224' title='bbox 276 1755 401 1799; x_wconf 88' lang='lat' dir='ltr'>iuxta</span> <span class='ocrx_word' id='word_1_225' title='bbox 425 1764 470 1797; x_wconf 87' lang='lat' dir='ltr'>te</span> <span class='ocrx_word' id='word_1_226' title='bbox 492 1753 758 1799; x_wconf 86' lang='lat' dir='ltr'>animalcula</span> <span class='ocrx_word' id='word_1_227' title='bbox 784 1754 869 1802; x_wconf 88' lang='lat' dir='ltr'>visu</span> <span class='ocrx_word' id='word_1_228' title='bbox 894 1758 1072 1803; x_wconf 85' lang='lat' dir='ltr'>minora</span> <span class='ocrx_word' id='word_1_229' title='bbox 1090 1786 1103 1810; x_wconf 90' lang='lat'>‚</span> <span class='ocrx_word' id='word_1_230' title='bbox 1138 1756 1183 1802; x_wconf 74' lang='grc' dir='ltr'>δι</span> <span class='ocrx_word' id='word_1_231' title='bbox 1207 1751 1457 1801; x_wconf 88' lang='lat' dir='ltr'>microsco-</span> <span class='ocrx_word' id='word_1_232' title='bbox 1518 1765 1519 1769; x_wconf 50' lang='lat'>¹</span> 
     </span>
    </p>
   </div>
   <div class='ocr_carea' id='block_1_4' title="bbox 38 1815 1458 2897">
    <p class='ocr_par' dir='ltr' id='par_1_4' title="bbox 30 1815 1458 2769">
     <span class='ocr_line' id='line_1_27' title="bbox 83 1815 1455 1884; baseline -0.001 -20"><span class='ocrx_word' id='word_1_233' title='bbox 83 1820 172 1884; x_wconf 80' lang='lat' dir='ltr'>piis</span> <span class='ocrx_word' id='word_1_234' title='bbox 203 1816 413 1871; x_wconf 65' lang='lat' dir='ltr'>dcte&amp;a;</span> <span class='ocrx_word' id='word_1_235' title='bbox 461 1815 653 1862; x_wconf 86' lang='lat' dir='ltr'>secundo</span> <span class='ocrx_word' id='word_1_236' title='bbox 689 1832 788 1861; x_wconf 87' lang='lat' dir='ltr'>cum</span> <span class='ocrx_word' id='word_1_237' title='bbox 824 1820 953 1879; x_wconf 88' lang='lat' dir='ltr'>plebe</span> <span class='ocrx_word' id='word_1_238' title='bbox 987 1819 1143 1865; x_wconf 87' lang='lat' dir='ltr'>senties</span> <span class='ocrx_word' id='word_1_239' title='bbox 1164 1850 1179 1875; x_wconf 88' lang='lat'>,</span> <span class='ocrx_word' id='word_1_240' title='bbox 1212 1832 1311 1863; x_wconf 88' lang='lat' dir='ltr'>non</span> <span class='ocrx_word' id='word_1_241' title='bbox 1348 1831 1455 1862; x_wconf 85' lang='lat' dir='ltr'>cum</span> 
     </span>
     <span class='ocr_line' id='line_1_28' title="bbox 85 1878 1454 1949; baseline -0.003 -22"><span class='ocrx_word' id='word_1_242' title='bbox 85 1879 364 1949; x_wconf 77' lang='lat' dir='ltr'>philosophis</span> <span class='ocrx_word' id='word_1_243' title='bbox 388 1897 400 1926; x_wconf 70' lang='grc' dir='ltr'><strong><em>ι</em></strong></span> <span class='ocrx_word' id='word_1_244' title='bbox 443 1879 693 1942; x_wconf 84' lang='lat' dir='ltr'>philosophi</span> <span class='ocrx_word' id='word_1_245' title='bbox 724 1883 843 1927; x_wconf 88' lang='lat' dir='ltr'>enim</span> <span class='ocrx_word' id='word_1_246' title='bbox 871 1884 1068 1928; x_wconf 82' lang='lat' dir='ltr'>rationes</span> <span class='ocrx_word' id='word_1_247' title='bbox 1091 1914 1105 1937; x_wconf 83' lang='lat'>,</span> <span class='ocrx_word' id='word_1_248' title='bbox 1148 1880 1209 1927; x_wconf 89' lang='lat' dir='ltr'>ob</span> <span class='ocrx_word' id='word_1_249' title='bbox 1232 1895 1338 1941; x_wconf 87' lang='lat' dir='ltr'>quas</span> <span class='ocrx_word' id='word_1_250' title='bbox 1362 1878 1454 1924; x_wconf 82' lang='lat' dir='ltr'>hoc</span> 
     </span>
     <span class='ocr_line' id='line_1_29' title="bbox 84 1944 1456 2007; baseline -0.007 -12"><span class='ocrx_word' id='word_1_251' title='bbox 84 1959 166 1995; x_wconf 78' lang='lat' dir='ltr'>aut</span> <span class='ocrx_word' id='word_1_252' title='bbox 189 1944 300 1991; x_wconf 86' lang='lat' dir='ltr'>illud</span> <span class='ocrx_word' id='word_1_253' title='bbox 326 1949 439 1993; x_wconf 74' lang='lat' dir='ltr'>vitae</span> <span class='ocrx_word' id='word_1_254' title='bbox 463 1944 597 1989; x_wconf 87' lang='lat' dir='ltr'>titulo</span> <span class='ocrx_word' id='word_1_255' title='bbox 625 1959 649 1988; x_wconf 89' lang='lat' dir='ltr'>a</span> <span class='ocrx_word' id='word_1_256' title='bbox 671 1944 800 2004; x_wconf 79' lang='lat' dir='ltr'>plebe</span> <span class='ocrx_word' id='word_1_257' title='bbox 823 1945 1054 2007; x_wconf 69' lang='lat' dir='ltr'>insignitur</span> <span class='ocrx_word' id='word_1_258' title='bbox 1075 1977 1089 2001; x_wconf 90' lang='lat'>,</span> <span class='ocrx_word' id='word_1_259' title='bbox 1125 1948 1170 1992; x_wconf 72' lang='grc' dir='ltr'>ὗε</span> <span class='ocrx_word' id='word_1_260' title='bbox 1193 1945 1238 1989; x_wconf 88' lang='lat' dir='ltr'>in</span> <span class='ocrx_word' id='word_1_261' title='bbox 1263 1944 1358 1989; x_wconf 87' lang='lat' dir='ltr'>aliis</span> <span class='ocrx_word' id='word_1_262' title='bbox 1380 1956 1456 1986; x_wconf 89' lang='lat' dir='ltr'>re-</span> 
     </span>
     <span class='ocr_line' id='line_1_30' title="bbox 82 2004 1455 2069; baseline -0.004 -11"><span class='ocrx_word' id='word_1_263' title='bbox 82 2011 169 2058; x_wconf 87' lang='lat' dir='ltr'>bus</span> <span class='ocrx_word' id='word_1_264' title='bbox 191 2007 401 2055; x_wconf 85' lang='lat' dir='ltr'>fundatas</span> <span class='ocrx_word' id='word_1_265' title='bbox 428 2007 581 2053; x_wconf 86' lang='lat' dir='ltr'>vident</span> <span class='ocrx_word' id='word_1_266' title='bbox 604 2038 617 2063; x_wconf 88' lang='lat'>,</span> <span class='ocrx_word' id='word_1_267' title='bbox 648 2007 851 2069; x_wconf 87' lang='lat' dir='ltr'>adeoque</span> <span class='ocrx_word' id='word_1_268' title='bbox 875 2013 936 2054; x_wconf 93' lang='lat' dir='ltr'>ob</span> <span class='ocrx_word' id='word_1_269' title='bbox 957 2008 1119 2055; x_wconf 73' lang='lat' dir='ltr'>caussas</span> <span class='ocrx_word' id='word_1_270' title='bbox 1141 2007 1310 2054; x_wconf 86' lang='lat' dir='ltr'>easdem</span> <span class='ocrx_word' id='word_1_271' title='bbox 1334 2004 1455 2052; x_wconf 87' lang='lat' dir='ltr'>idem</span> 
     </span>
     <span class='ocr_line' id='line_1_31' title="bbox 85 2072 1454 2134; baseline -0.006 -14"><span class='ocrx_word' id='word_1_272' title='bbox 85 2073 144 2122; x_wconf 81' lang='lat' dir='ltr'>de</span> <span class='ocrx_word' id='word_1_273' title='bbox 172 2072 258 2117; x_wconf 80' lang='lat' dir='ltr'>illis</span> <span class='ocrx_word' id='word_1_274' title='bbox 281 2072 509 2127; x_wconf 85' lang='lat' dir='ltr'>iudicant,</span> <span class='ocrx_word' id='word_1_275' title='bbox 529 2087 630 2116; x_wconf 87' lang='lat' dir='ltr'>cum</span> <span class='ocrx_word' id='word_1_276' title='bbox 655 2072 834 2117; x_wconf 85' lang='lat' dir='ltr'>interim</span> <span class='ocrx_word' id='word_1_277' title='bbox 857 2073 976 2134; x_wconf 86' lang='lat' dir='ltr'>vulgi</span> <span class='ocrx_word' id='word_1_278' title='bbox 999 2073 1213 2117; x_wconf 79' lang='lat' dir='ltr'>iudicium</span> <span class='ocrx_word' id='word_1_279' title='bbox 1236 2085 1372 2116; x_wconf 89' lang='lat' dir='ltr'>omne</span> <span class='ocrx_word' id='word_1_280' title='bbox 1397 2084 1454 2113; x_wconf 80' lang='lat' dir='ltr'>ex</span> 
     </span>
     <span class='ocr_line' id='line_1_32' title="bbox 85 2131 1458 2197; baseline -0.007 -12"><span class='ocrx_word' id='word_1_281' title='bbox 85 2137 188 2185; x_wconf 85' lang='lat' dir='ltr'>solis</span> <span class='ocrx_word' id='word_1_282' title='bbox 213 2134 399 2181; x_wconf 73' lang='lat' dir='ltr'>sensibus</span> <span class='ocrx_word' id='word_1_283' title='bbox 423 2134 630 2195; x_wconf 85' lang='lat' dir='ltr'>pendeat.</span> <span class='ocrx_word' id='word_1_284' title='bbox 704 2136 845 2197; x_wconf 85' lang='lat' dir='ltr'>Atqui</span> <span class='ocrx_word' id='word_1_285' title='bbox 869 2134 998 2181; x_wconf 87' lang='lat' dir='ltr'>satius</span> <span class='ocrx_word' id='word_1_286' title='bbox 1023 2135 1082 2180; x_wconf 78' lang='lat' dir='ltr'>est</span> <span class='ocrx_word' id='word_1_287' title='bbox 1100 2168 1113 2192; x_wconf 91' lang='lat'>‚</span> <span class='ocrx_word' id='word_1_288' title='bbox 1142 2135 1364 2180; x_wconf 88' lang='lat' dir='ltr'>rationem</span> <span class='ocrx_word' id='word_1_289' title='bbox 1391 2131 1458 2177; x_wconf 89' lang='lat' dir='ltr'>se-</span> 
     </span>
     <span class='ocr_line' id='line_1_33' title="bbox 87 2196 1452 2265; baseline -0.004 -19"><span class='ocrx_word' id='word_1_290' title='bbox 87 2202 162 2265; x_wconf 87' lang='lat' dir='ltr'>qui</span> <span class='ocrx_word' id='word_1_291' title='bbox 184 2233 198 2258; x_wconf 92' lang='lat'>,</span> <span class='ocrx_word' id='word_1_292' title='bbox 233 2215 366 2261; x_wconf 88' lang='lat' dir='ltr'>quarn</span> <span class='ocrx_word' id='word_1_293' title='bbox 389 2199 529 2261; x_wconf 86' lang='lat' dir='ltr'>plebis</span> <span class='ocrx_word' id='word_1_294' title='bbox 555 2196 689 2244; x_wconf 88' lang='lat' dir='ltr'>vsum.</span> <span class='ocrx_word' id='word_1_295' title='bbox 755 2202 797 2243; x_wconf 91' lang='lat' dir='ltr'>Si</span> <span class='ocrx_word' id='word_1_296' title='bbox 822 2212 974 2249; x_wconf 82' lang='lat' dir='ltr'>tamen</span> <span class='ocrx_word' id='word_1_297' title='bbox 1000 2199 1120 2244; x_wconf 88' lang='lat' dir='ltr'>nolis</span> <span class='ocrx_word' id='word_1_298' title='bbox 1141 2230 1154 2254; x_wconf 88' lang='lat'>,</span> <span class='ocrx_word' id='word_1_299' title='bbox 1192 2197 1219 2242; x_wconf 86' lang='lat' dir='ltr'>fi</span> <span class='ocrx_word' id='word_1_300' title='bbox 1243 2212 1452 2242; x_wconf 88' lang='lat' dir='ltr'>commu-</span> 
     </span>
     <span class='ocr_line' id='line_1_34' title="bbox 86 2259 1456 2327; baseline -0.004 -17"><span class='ocrx_word' id='word_1_301' title='bbox 86 2266 137 2315; x_wconf 79' lang='lat' dir='ltr'>ni</span> <span class='ocrx_word' id='word_1_302' title='bbox 165 2265 343 2327; x_wconf 87' lang='lat' dir='ltr'>querela</span> <span class='ocrx_word' id='word_1_303' title='bbox 370 2263 507 2308; x_wconf 88' lang='lat' dir='ltr'>vtaris</span> <span class='ocrx_word' id='word_1_304' title='bbox 529 2293 543 2318; x_wconf 85' lang='lat'>‚</span> <span class='ocrx_word' id='word_1_305' title='bbox 572 2267 743 2308; x_wconf 85' lang='lat' dir='ltr'>mutari</span> <span class='ocrx_word' id='word_1_306' title='bbox 757 2278 836 2324; x_wconf 84' lang='lat' dir='ltr'>per</span> <span class='ocrx_word' id='word_1_307' title='bbox 856 2280 932 2309; x_wconf 85' lang='lat' dir='ltr'>nos</span> <span class='ocrx_word' id='word_1_308' title='bbox 956 2262 1269 2309; x_wconf 79' lang='lat' dir='ltr'>vocabulorum</span> <span class='ocrx_word' id='word_1_309' title='bbox 1285 2259 1456 2323; x_wconf 76' lang='lat' dir='ltr'>fignifi-</span> 
     </span>
     <span class='ocr_line' id='line_1_35' title="bbox 84 2323 1452 2389; baseline -0.007 -12"><span class='ocrx_word' id='word_1_310' title='bbox 84 2336 208 2377; x_wconf 64' lang='lat' dir='ltr'>cdtus</span> <span class='ocrx_word' id='word_1_311' title='bbox 229 2359 244 2383; x_wconf 90' lang='lat'>‚</span> <span class='ocrx_word' id='word_1_312' title='bbox 277 2340 533 2389; x_wconf 88' lang='lat' dir='ltr'>quanquam</span> <span class='ocrx_word' id='word_1_313' title='bbox 560 2324 714 2370; x_wconf 84' lang='lat' dir='ltr'>iniuste</span> <span class='ocrx_word' id='word_1_314' title='bbox 745 2327 1033 2385; x_wconf 82' lang='lat' dir='ltr'>conqueraris</span> <span class='ocrx_word' id='word_1_315' title='bbox 1053 2357 1066 2379; x_wconf 93' lang='lat'>,</span> <span class='ocrx_word' id='word_1_316' title='bbox 1101 2338 1152 2370; x_wconf 86' lang='lat' dir='ltr'>vt</span> <span class='ocrx_word' id='word_1_317' title='bbox 1173 2323 1316 2369; x_wconf 85' lang='lat' dir='ltr'>modo</span> <span class='ocrx_word' id='word_1_318' title='bbox 1341 2339 1452 2384; x_wconf 90' lang='lat' dir='ltr'>pro-</span> 
     </span>
     <span class='ocr_line' id='line_1_36' title="bbox 83 2387 1451 2452; baseline -0.005 -14"><span class='ocrx_word' id='word_1_319' title='bbox 83 2392 191 2442; x_wconf 83' lang='lat' dir='ltr'>baui</span> <span class='ocrx_word' id='word_1_320' title='bbox 214 2409 225 2439; x_wconf 73' lang='grc' dir='ltr'><strong>ε</strong></span> <span class='ocrx_word' id='word_1_321' title='bbox 261 2387 431 2452; x_wconf 85' lang='lat' dir='ltr'>poteris</span> <span class='ocrx_word' id='word_1_322' title='bbox 461 2403 612 2436; x_wconf 87' lang='lat' dir='ltr'>tamen</span> <span class='ocrx_word' id='word_1_323' title='bbox 640 2403 715 2448; x_wconf 87' lang='lat' dir='ltr'>per</span> <span class='ocrx_word' id='word_1_324' title='bbox 739 2404 809 2434; x_wconf 89' lang='lat' dir='ltr'>me</span> <span class='ocrx_word' id='word_1_325' title='bbox 832 2389 1038 2434; x_wconf 88' lang='lat' dir='ltr'>libertate</span> <span class='ocrx_word' id='word_1_326' title='bbox 1064 2403 1139 2433; x_wconf 88' lang='lat' dir='ltr'>tua</span> <span class='ocrx_word' id='word_1_327' title='bbox 1165 2387 1288 2442; x_wconf 85' lang='lat' dir='ltr'>frui,</span> <span class='ocrx_word' id='word_1_328' title='bbox 1323 2387 1451 2432; x_wconf 79' lang='lat' dir='ltr'>vitae-</span> 
     </span>
     <span class='ocr_line' id='line_1_37' title="bbox 85 2450 1448 2517; baseline -0.003 -17"><span class='ocrx_word' id='word_1_329' title='bbox 85 2469 173 2517; x_wconf 86' lang='lat' dir='ltr'>que</span> <span class='ocrx_word' id='word_1_330' title='bbox 219 2468 376 2499; x_wconf 86' lang='lat' dir='ltr'>vocem</span> <span class='ocrx_word' id='word_1_331' title='bbox 412 2464 508 2498; x_wconf 86' lang='lat' dir='ltr'>tam</span> <span class='ocrx_word' id='word_1_332' title='bbox 541 2452 663 2497; x_wconf 60' lang='lat' dir='ltr'>ariie</span> <span class='ocrx_word' id='word_1_333' title='bbox 694 2451 1049 2498; x_wconf 84' lang='lat' dir='ltr'>circumscribere</span> <span class='ocrx_word' id='word_1_334' title='bbox 1075 2484 1089 2508; x_wconf 88' lang='lat'><strong><em>,</em></strong></span> <span class='ocrx_word' id='word_1_335' title='bbox 1132 2468 1183 2498; x_wconf 88' lang='lat' dir='ltr'>ac</span> <span class='ocrx_word' id='word_1_336' title='bbox 1217 2450 1448 2512; x_wconf 81' lang='lat' dir='ltr'>placuerit.</span> 
     </span>
     <span class='ocr_line' id='line_1_38' title="bbox 82 2512 1446 2582; baseline -0.005 -19"><span class='ocrx_word' id='word_1_337' title='bbox 82 2519 177 2582; x_wconf 78' lang='lat' dir='ltr'>Qii</span> <span class='ocrx_word' id='word_1_338' title='bbox 199 2517 388 2563; x_wconf 81' lang='lat' dir='ltr'>interim</span> <span class='ocrx_word' id='word_1_339' title='bbox 414 2525 501 2560; x_wconf 80' lang='lat' dir='ltr'>rios</span> <span class='ocrx_word' id='word_1_340' title='bbox 531 2531 634 2561; x_wconf 84' lang='lat' dir='ltr'>cum</span> <span class='ocrx_word' id='word_1_341' title='bbox 661 2517 836 2561; x_wconf 86' lang='lat' dir='ltr'>ratione</span> <span class='ocrx_word' id='word_1_342' title='bbox 858 2515 901 2562; x_wconf 85' lang='lat' dir='ltr'>h.</span> <span class='ocrx_word' id='word_1_343' title='bbox 926 2532 988 2562; x_wconf 88' lang='lat' dir='ltr'>rn.</span> <span class='ocrx_word' id='word_1_344' title='bbox 1015 2516 1250 2578; x_wconf 88' lang='lat' dir='ltr'>loquentes</span> <span class='ocrx_word' id='word_1_345' title='bbox 1273 2512 1446 2559; x_wconf 86' lang='lat' dir='ltr'>intelli-</span> 
     </span>
     <span class='ocr_line' id='line_1_39' title="bbox 40 2575 1448 2645; baseline -0.004 -19"><span class='ocrx_word' id='word_1_346' title='bbox 40 2623 43 2625; x_wconf 93' lang='lat'>.</span> <span class='ocrx_word' id='word_1_347' title='bbox 84 2596 188 2645; x_wconf 84' lang='lat' dir='ltr'>gere</span> <span class='ocrx_word' id='word_1_348' title='bbox 219 2580 351 2635; x_wconf 81' lang='lat' dir='ltr'>vult,</span> <span class='ocrx_word' id='word_1_349' title='bbox 397 2578 453 2627; x_wconf 86' lang='lat' dir='ltr'>ab</span> <span class='ocrx_word' id='word_1_350' title='bbox 489 2593 545 2625; x_wconf 92' lang='lat' dir='ltr'>eo</span> <span class='ocrx_word' id='word_1_351' title='bbox 579 2580 671 2624; x_wconf 86' lang='lat' dir='ltr'>iure</span> <span class='ocrx_word' id='word_1_352' title='bbox 703 2578 922 2641; x_wconf 81' lang='lat' dir='ltr'>poscimus</span> <span class='ocrx_word' id='word_1_353' title='bbox 943 2611 958 2636; x_wconf 88' lang='lat'>‚</span> <span class='ocrx_word' id='word_1_354' title='bbox 993 2592 1042 2624; x_wconf 90' lang='lat' dir='ltr'>vt</span> <span class='ocrx_word' id='word_1_355' title='bbox 1078 2579 1276 2628; x_wconf 85' lang='lat' dir='ltr'>nostram</span> <span class='ocrx_word' id='word_1_356' title='bbox 1309 2575 1448 2622; x_wconf 87' lang='lat' dir='ltr'>discat</span> 
     </span>
     <span class='ocr_line' id='line_1_40' title="bbox 47 2639 1446 2707; baseline -0.006 -14"><span class='ocrx_word' id='word_1_357' title='bbox 47 2689 51 2693; x_wconf 84' lang='lat'>.</span> <span class='ocrx_word' id='word_1_358' title='bbox 82 2647 285 2707; x_wconf 81' lang='lat' dir='ltr'>linguam</span> <span class='ocrx_word' id='word_1_359' title='bbox 307 2660 318 2689; x_wconf 76' lang='lat' dir='ltr'>z</span> <span class='ocrx_word' id='word_1_360' title='bbox 353 2641 418 2689; x_wconf 85' lang='lat' dir='ltr'>fin</span> <span class='ocrx_word' id='word_1_361' title='bbox 451 2656 600 2688; x_wconf 89' lang='lat' dir='ltr'>autem</span> <span class='ocrx_word' id='word_1_362' title='bbox 627 2641 763 2690; x_wconf 70' lang='lat' dir='ltr'>fuerit</span> <span class='ocrx_word' id='word_1_363' title='bbox 787 2642 1034 2704; x_wconf 80' lang='lat' dir='ltr'>refragatus</span> <span class='ocrx_word' id='word_1_364' title='bbox 1053 2675 1067 2699; x_wconf 86' lang='lat'>‚</span> <span class='ocrx_word' id='word_1_365' title='bbox 1100 2652 1278 2688; x_wconf 86' lang='lat' dir='ltr'>tantum</span> <span class='ocrx_word' id='word_1_366' title='bbox 1300 2639 1446 2696; x_wconf 89' lang='lat' dir='ltr'>abest,</span> 
     </span>
     <span class='ocr_line' id='line_1_41' title="bbox 83 2704 1450 2769; baseline -0.005 -15.261"><span class='ocrx_word' id='word_1_367' title='bbox 83 2722 144 2759; x_wconf 73' lang='lat' dir='ltr'>vt,</span> <span class='ocrx_word' id='word_1_368' title='bbox 168 2709 261 2753; x_wconf 88' lang='lat' dir='ltr'>iure</span> <span class='ocrx_word' id='word_1_369' title='bbox 289 2721 376 2753; x_wconf 83' lang='lat' dir='ltr'>nos</span> <span class='ocrx_word' id='word_1_370' title='bbox 401 2704 601 2752; x_wconf 87' lang='lat' dir='ltr'>accusare</span> <span class='ocrx_word' id='word_1_371' title='bbox 625 2705 759 2766; x_wconf 84' lang='lat' dir='ltr'>possit</span> <span class='ocrx_word' id='word_1_372' title='bbox 777 2732 804 2764; x_wconf 52' lang='lat' dir='ltr'>‚s</span> <span class='ocrx_word' id='word_1_373' title='bbox 828 2721 1043 2769; x_wconf 86' lang='lat' dir='ltr'>quantum</span> <span class='ocrx_word' id='word_1_374' title='bbox 1069 2706 1188 2752; x_wconf 87' lang='lat' dir='ltr'>abest</span> <span class='ocrx_word' id='word_1_375' title='bbox 1209 2737 1223 2761; x_wconf 93' lang='lat'>,</span> <span class='ocrx_word' id='word_1_376' title='bbox 1254 2717 1303 2749; x_wconf 91' lang='lat' dir='ltr'>vt</span> <span class='ocrx_word' id='word_1_377' title='bbox 1324 2736 1338 2759; x_wconf 93' lang='lat'>,</span> <span class='ocrx_word' id='word_1_378' title='bbox 1372 2704 1450 2765; x_wconf 81' lang='lat' dir='ltr'>qui</span> 
     </span>
    </p>

    <p class='ocr_par' dir='ltr' id='par_1_5' title="bbox 38 2765 1452 2897">
     <span class='ocr_line' id='line_1_42' title="bbox 68 2765 1452 2832; baseline -0.006 -13"><span class='ocrx_word' id='word_1_379' title='bbox 68 2787 189 2819; x_wconf 66' lang='lat' dir='ltr'>2cum</span> <span class='ocrx_word' id='word_1_380' title='bbox 211 2770 353 2818; x_wconf 90' lang='lat' dir='ltr'>Gallis</span> <span class='ocrx_word' id='word_1_381' title='bbox 383 2768 631 2816; x_wconf 87' lang='lat' dir='ltr'>conuersari</span> <span class='ocrx_word' id='word_1_382' title='bbox 658 2769 780 2830; x_wconf 88' lang='lat' dir='ltr'>cupit</span> <span class='ocrx_word' id='word_1_383' title='bbox 798 2801 813 2823; x_wconf 87' lang='lat'><em>,</em></span> <span class='ocrx_word' id='word_1_384' title='bbox 848 2770 1011 2816; x_wconf 89' lang='lat' dir='ltr'>merito</span> <span class='ocrx_word' id='word_1_385' title='bbox 1039 2769 1236 2832; x_wconf 87' lang='lat' dir='ltr'>querelas</span> <span class='ocrx_word' id='word_1_386' title='bbox 1259 2765 1452 2825; x_wconf 86' lang='lat' dir='ltr'>fundat,</span> 
     </span>
     <span class='ocr_line' id='line_1_43' title="bbox 38 2829 1328 2897; baseline -0.005 -15"><span class='ocrx_word' id='word_1_387' title='bbox 38 2863 47 2868; x_wconf 57' lang='lat'><em>„</em></span> <span class='ocrx_word' id='word_1_388' title='bbox 85 2834 306 2892; x_wconf 83' lang='lat' dir='ltr'>Gallicam</span> <span class='ocrx_word' id='word_1_389' title='bbox 332 2832 524 2883; x_wconf 86' lang='lat' dir='ltr'>discendi</span> <span class='ocrx_word' id='word_1_390' title='bbox 543 2829 748 2897; x_wconf 82' lang='lat' dir='ltr'>&#39;linguam</span> <span class='ocrx_word' id='word_1_391' title='bbox 772 2831 1027 2880; x_wconf 78' lang='lat' dir='ltr'>necessitate</span> <span class='ocrx_word' id='word_1_392' title='bbox 1047 2831 1328 2881; x_wconf 69' lang='lat' dir='ltr'>constritstus.</span> 
     </span>
    </p>
   </div>
   <div class='ocr_carea' id='block_1_5' title="bbox 710 2902 1445 2976">
    <p class='ocr_par' dir='ltr' id='par_1_6' title="bbox 710 2902 1445 2976">
     <span class='ocr_line' id='line_1_44' title="bbox 710 2902 1445 2976; baseline -0.004 -19"><span class='ocrx_word' id='word_1_393' title='bbox 710 2902 768 2957; x_wconf 84' lang='lat' dir='ltr'>Ii</span> <span class='ocrx_word' id='word_1_394' title='bbox 814 2920 839 2976; x_wconf 77' lang='lat'><em>3</em></span> <span class='ocrx_word' id='word_1_395' title='bbox 1245 2904 1445 2975; x_wconf 76' lang='lat'>§.372-</span> 
     </span>
    </p>
   </div>
  </div>
 </body>
</html>
