1802 3230
353 127 471 204 256
923 125 1046 205 Cap.
1075 123 1174 184 IV.

345 250 463 290 non
485 222 717 306 poffunt.
799 227 903 284 Res
929 225 1002 287 est
1027 229 1284 290 altissimae
1307 229 1566 313 indaginis
1591 250 1605 289 ε
1649 229 1775 295 stim:

345 319 537 372 matim
569 309 893 388 com'plefihar
924 317 1190 390 quaedam.
1261 317 1539 398 Qicquid
1566 313 1773 389 exsistit,

341 403 398 457 id
424 399 507 456 vel
529 402 667 477 agit,
703 396 790 453 vel
820 401 1047 473 patitur,
1096 399 1180 455 seu
1206 395 1439 458 afliones
1464 405 1673 478 recipit,
1700 404 1774 461 vel

343 482 561 541 exhibet
587 499 879 557 vti-umque
904 480 1081 542 simul.
1122 481 1258 540 Non
1279 489 1474 561 poteris
1488 482 1777 563 quidqualh

342 585 522 625 rerum
545 561 905 624 exfistentium
927 565 1148 645 allegare
1164 607 1181 633 ‚
1222 569 1376 645 quod
1391 587 1489 626 nec
1513 588 1632 648 agat
1649 613 1663 633 ,
1687 570 1775 638 nei:

340 652 575 712 afflones
604 653 833 726 recipiat.
911 648 1229 709 Substantiae
1257 651 1377 709 sunt
1397 672 1478 709 res
1505 644 1781 730 simplice-,⁹24

342 739 405 812 (3
425 739 518 810 30)
538 732 597 793 &
615 731 863 793 exsistunt
882 752 1090 793 reuera:
1124 755 1254 815 ergo
1281 737 1380 794 illis
1407 736 1686 795 tribuenda
1737 736 1747 747 ’

343 821 534 901 agendi
564 824 674 885 vis,
721 818 808 878 vel
832 823 1063 896 patiendi
1088 814 1331 878 facultas.
1426 820 1564 879 Non
1602 819 1779 887 differi*

341 911 487 964 tiunt
515 903 770 966 haRenus
794 900 1056 963 atomistae
1084 927 1096 961 ε
1139 902 1250 962 suas
1273 909 1414 962 enim
1439 924 1658 964 atomos
1683 913 1778 983 ρό-

341 993 508 1047 tentia
535 988 757 1066 palliua,
813 985 899 1047 seu
930 992 1210 1065 recipiendi
1254 988 1482 1066 impulsu
1514 1031 1531 1056 ,
1566 991 1783 1067 ‚praedia

342 1090 422 1132 tas
446 1074 729 1132 affirmant.
794 1075 898 1131 Sed
924 1095 989 1133 an
1016 1079 1253 1132 internus
1282 1093 1596 1133 atomorum
1610 1070 1692 1149 sta
1724 1136 1739 1143 ,

340 1158 496 1235 plane
523 1157 750 1236 passinus
780 1153 893 1216 est?
937 1160 1226 1236 (externus
1255 1165 1396 1217 enim
1422 1163 1476 1218 in
1509 1157 1678 1240 figura

341 1244 449 1302 fitu
487 1238 548 1300 &
583 1245 954 1323 magnitudine
989 1249 1240 1321 ponitur)
1282 1243 1320 1302 si
1356 1244 1508 1321 plane
1557 1242 1744 1322 pallius

343 1324 445 1393 est,
486 1347 584 1386 nec
609 1333 803 1388 virium
832 1331 1022 1410 agendi
1046 1331 1338 1407 quidquam
1375 1325 1769 1406 compleffltufi

341 1429 464 1473 turn
497 1410 707 1491 prorsus
754 1433 867 1472 non
905 1409 1117 1473 exsistit.
1163 1419 1337 1481 Bona,
1380 1417 1584 1492 inquis,
1620 1409 1783 1475 verba

335 1499 491 1578 quaefi
514 1523 531 1554 .-
572 1500 677 1556 noli
711 1520 810 1557 vno
854 1501 968 1557 istu
1004 1498 1319 1579 prosternere
1351 1494 1767 1567 Malebranch32’2

336 1583 404 1640 de
439 1580 594 1639 rebus
629 1582 998 1643 materialibus
1036 1605 1178 1641 mere
1199 1585 1435 1660 paffluis,
1492 1583 1555 1644 ό·
1592 1585 1782 1640 atomi.»

325 1666 532 1746 starum
582 1671 892 1748 opinionem.
975 1667 1113 1726 Non
1157 1667 1483 1748 prosternam
1518 1689 1532 1724 ε
1594 1665 1783 1744 spon'w.

338 1754 651 1819 ruetfaudi,
693 1750 729 1810 s1
755 1751 942 1828 placet.
1023 1755 1076 1810 Si
1097 1758 1272 1812 atomi
1297 1774 1393 1811 ceu
1421 1749 1732 1811 minutiffim

346 1841 579 1895 materiae
605 1837 875 1914 particulae
900 1835 1019 1896 sunt
1046 1837 1256 1916 prorsus
1279 1839 1496 1915 paffiuae,
1527 1855 1648 1895 tum
1671 1835 1767 1914 pla*

339 1942 408 1980 ne
429 1934 543 1979 non
570 1917 822 1979 exsistunt
852 1944 864 1978 ε
921 1920 1181 1998 paffiuum
1204 1943 1318 1980 non
1349 1918 1421 1980 est
1447 1941 1559 1990 τες,
1607 1920 1693 1980 sed
1717 1919 1765 1979 li·

339 2010 555 2064 mitatio
584 2011 654 2064 rei
682 2050 695 2073 ,
751 2026 865 2063 non
898 2001 1092 2066 exsistit
1131 2005 1364 2085 pofitiuo
1393 2005 1550 2072 aflu,
1587 2001 1774 2078 secli-et

339 2086 642 2149 exsistentes
666 2094 852 2148 maiori
883 2088 1152 2150 exsistendi
1176 2096 1374 2151 virtute
1401 2095 1590 2171 priuat.
1677 2091 1774 2149 Pet*

341 2181 525 2235 omnia
554 2176 795 2253 exempla
816 2195 1021 2241 rerum,
1067 2196 1169 2253 qua
1204 2175 1413 2253 paffiuae
1441 2171 1564 2236 sunt
1591 2217 1605 2241 ,
1665 2191 1776 2232 που

343 2265 545 2341 poteris
571 2256 831 2340 refragari.
898 2261 1068 2341 Qies
1085 2265 1139 2319 in
1167 2281 1390 2338 corpore
1421 2303 1436 2326 ,
1478 2259 1609 2338 quid
1637 2255 1763 2318 aliud

343 2341 445 2412 est,
487 2366 647 2424 quam
674 2342 913 2404 defestus
938 2345 1161 2404 motus?
1209 2349 1490 2423 Suppoue,
1512 2348 1566 2402 in
1585 2359 1763 2401 atomc

339 2428 474 2488 nihil
511 2429 605 2488 effe
637 2430 846 2507 prorsus
873 2473 887 2497 ,
942 2428 1037 2488 nisi
1079 2435 1348 2510 quietem3
1401 2447 1579 2487 merus
1612 2427 1764 2484 aderit

343 2509 615 2581 defestus,
656 2518 711 2572 id
736 2510 844 2577 est,
884 2513 1031 2572 nihil.
1126 2517 1303 2573 Dicis:
1341 2518 1495 2592 atqui
1513 2508 1679 2592 presto
1710 2509 1763 2584 est

341 2604 569 2654 materiae
592 2601 840 2655 molecula
857 2618 888 2671 ,·
930 2603 1074 2678 atqui
1101 2597 1139 2656 si
1166 2621 1222 2656 ea
1263 2603 1494 2658 materiae
1526 2592 1764 2672 particula

341 2700 488 2739 mere
511 2680 702 2757 pasfiua
731 2679 832 2748 est,
875 2685 1010 2741 redit
1036 2689 1371 2743 ratiocinium
1399 2683 1572 2746 idem3
1610 2676 1646 2735 sl
1665 2690 1765 2737 non

343 2761 449 2831 est,
475 2764 693 2825 habebit
719 2771 909 2826 virium
944 2770 1131 2847 agendi
1165 2765 1445 2833 nonnihil,
1487 2765 1639 2840 quod
1675 2781 1766 2845 vp-

341 2848 542 2915 lumus.
622 2851 879 2934 Regeris:
919 2854 1112 2929 adsunt
1127 2853 1339 2933 figuraej
1371 2851 1535 2928 situs,
1572 2849 1765 2930 magnif

1317 2943 1321 2945 ’
1579 2940 1767 2991 tudina
