1802 3230
138 181 317 257 fistem
337 184 393 233 in
415 179 572 233 artic,
595 171 658 230 de
675 154 1128 251 pradestinatione.
1191 146 1199 155 ’
1264 176 1342 235 42
1357 178 1379 215 Ι

17 284 266 352 gerendum
295 278 466 327 bellurn
491 309 505 332 ,
535 272 762 320 rationem
794 269 839 316 id
864 266 957 314 fieri
988 262 1232 313 decuisset?
1264 266 1390 307 Num

11 347 322 400 ‚dubitandum
340 343 411 391 'est
433 375 446 400 ‚
481 354 630 402 regem
659 335 895 383 voluntate
924 329 1218 379 antecedente
1242 325 1389 372 maxi-

23 430 96 465 me
119 412 228 460 serio
252 410 436 458 salutem
457 404 600 470 puniti
622 399 802 447 voluisse
826 404 842 445 2
879 401 993 443 Cum
1016 411 1123 458 ergo
1147 396 1196 438 in
1206 389 1388 436 Leibni-

24 481 78 526 tii
99 477 317 525 sententia
341 473 434 535 regi
453 471 532 517 tali
554 468 708 514 DEVS
732 463 883 511 fimilis
907 461 959 508 fit
981 493 994 518 ‚
1028 475 1104 506 cur
1128 472 1227 504 eum
1247 456 1296 500 in
1318 449 1390 499 sn-
1790 434 1802 506 ‘l

23 539 392 606 pralapsariorum
421 548 565 599 partes
595 529 770 577 trahere
797 527 995 575 volunt?
1031 526 1107 569 An
1127 538 1206 567 rex
1229 532 1390 581 pecca-
1792 504 1802 568 ζ

29 623 123 670 tum
148 606 302 652 militis
323 635 336 659 ,
372 614 420 646 vt
439 597 697 660 supplicium
722 592 998 654 sequeretur,
1022 587 1251 634 decreuit?
1288 584 1391 629 An·
1794 574 1802 632 l

5 686 127 718 ·non
158 670 308 732 potius
335 661 617 712 decernendo
647 657 870 720 optimum
893 653 1000 700 belli
1024 665 1184 715 typum*
1202 645 1391 710 permis·
1798 633 1802 674 ἓ

27 735 198 782 smnem
219 734 309 779 eius
333 730 485 777 statuit
504 731 520 771 3
555 728 628 770 An
651 723 738 767 hoc
761 720 987 767 decretum
1010 732 1109 762 non
1129 714 1185 759 ab
1209 709 1390 759 absolu-

20 799 84 847 ''to
108 797 303 860 supplicii
324 827 338 854 ‚
373 792 526 858 gloriae
549 787 689 834 caussa
710 784 941 845 infligendi
964 815 976 839 ‚
1012 780 1194 826 decreto
1216 775 1394 835 longis·

31 862 139 910 sime
157 859 312 909 differt
332 865 350 907 2
385 857 454 904 sed
476 858 520 901 &
544 866 701 899 annon
725 865 815 894 vno
838 848 1019 893 decreto
1044 841 1141 906 post
1164 839 1394 887 examina-

33 942 134 975 tum
163 940 320 988 typum
353 920 510 970 omnia
539 915 676 963 aista?
712 911 796 958 sint
830 911 1022 959 militurn
1057 907 1167 952 vires
1192 900 1325 949 eundi
1351 901 1398 945 &

32 991 264 1054 pugnandi
286 1001 442 1035 omnes
459 999 483 1030 a
497 995 599 1042 rege
616 977 734 1042 ipso:
758 976 869 1022 nihil
888 974 983 1036 ipsis
996 984 1242 1026 remancat,
1261 978 1396 1028 quam

33 1053 253 1102 refistendi
285 1049 604 1107 contumacia5
641 1039 843 1089 manebit
866 1037 1076 1101 profetsto
1106 1035 1270 1093 semper
1295 1028 1398 1075 talis

33 1134 115 1167 rex
136 1118 272 1180 culpae
298 1116 445 1163 omnis
466 1125 619 1173 expers
640 1140 653 1164 ,
688 1108 821 1152 etiam
841 1117 993 1149 coram
1022 1099 1280 1145 bominibus
1294 1107 1395 1139 mo-

33 1181 259 1231 rofiffimis
281 1214 295 1238 ‚
329 1181 392 1225 ita
412 1193 460 1223 vt
483 1191 537 1221 eo
559 1172 672 1219 nihil
698 1169 959 1230 sapientius,
985 1164 1132 1212 iustius
1156 1160 1293 1215 nihil,
1317 1173 1398 1203 ex·

37 1247 229 1309 cogitari
261 1259 455 1306 mquam
482 1238 630 1301 poslit.
712 1237 882 1293 Regem
911 1231 1028 1277 hunc
1053 1229 1234 1275 DEVM
1261 1236 1396 1269 vene-

37 1327 117 1358 ror
136 1343 151 1367 ,
184 1310 261 1357 der
280 1310 341 1356 da
357 1308 473 1354 recht
492 1305 571 1349 hat
594 1308 645 1347 in
660 1301 815 1362 fiinen
835 1295 1028 1349 Wartcm
1043 1293 1146 1340 vnd
1168 1295 1263 1338 rein
1286 1290 1397 1338 blei·-

38 1376 132 1431 beti,
164 1393 296 1425 menn
317 1390 362 1418 er
380 1366 630 1419 beurtheilct
652 1364 790 1414 mird.

423 1487 797 1576 CAPVT
855 1487 952 1572 X.

203 1645 377 1758 'DE‘
408 1636 1155 1717 IVSTlFICATIONE.

563 1783 610 1840 §.
670 1775 804 1847 308.

63 1877 481 1940 Vstificationem
502 1920 514 1940 ‚
538 1897 657 1954 quae
672 1875 774 1932 sola
791 1871 910 1930 fide,
946 1865 1135 1927 Christi
1160 1866 1404 1947 sanguine
1429 1865 1623 1915 Articuli

42 2046 47 2047 ⁷
82 1970 226 2029 nixa,
266 1968 568 2021 continetur
596 2001 611 2026 ,
667 1953 1106 2035 praeclariffimum
1145 1954 1409 2031 religionis
1425 1935 1648 1997 grauitas·

12 2047 393 2109 »rotestamium
425 2045 706 2124 palladium
742 2040 863 2102 effe,
908 2056 1033 2094 toto
1061 2037 1220 2094 corde
1249 2034 1410 2114 profi-

10 2153 170 2192 ⁴emur
210 2149 415 2188 ornnes,
484 2130 771 2205 Indignum
808 2142 994 2179 eorum
1052 2117 1253 2177 facinus
1296 2141 1410 2180 non

28 2213 294 2276 votestnon
316 2213 618 2289 reprehendi
641 2251 659 2275 ,
693 2212 780 2285 qui
807 2225 1013 2265 tantum
1046 2205 1211 2261 viliori
1239 2208 1407 2278 pretio

12 2301 264 2361 :imelium
291 2315 490 2355 venum
516 2291 801 2369 exponere,
843 2289 927 2347 vel
973 2285 1028 2345 ὅ(
1075 2287 1244 2365 spurio
1281 2287 1414 2345 illud

20 2380 457 2465 ogomachiarum
474 2382 617 2436 radio
643 2380 830 2432 micare
847 2371 1201 2429 contendunt.
1232 2374 1335 2447 (47
1353 2380 1411 2446 ς)

65 2489 140 2527 on
155 2486 258 2548 ego
281 2465 368 2545 vel
384 2468 513 2522 tanti
532 2459 757 2518 facerem
786 2455 1128 2533 philosophiae
1150 2456 1315 2534 getius
1335 2456 1415 2512 vl-

24 2571 116 2611 um
139 2590 158 2615 ,
197 2549 348 2628 quod
374 2541 621 2606 melliflua
651 2543 810 2600 huius
852 2541 1100 2601 dofflinae
1133 2535 1306 2598 solati-a
1341 2540 1418 2595 di·-

54 2638 261 2695 urbaret
280 2650 428 2699 saut
455 2629 606 2688 nullo
638 2621 888 2684 consensu
924 2644 1044 2682 cum
1078 2621 1266 2681 eisdem
1292 2642 1417 2700 pos-

36 2735 88 2776 et
112 2721 385 2803 componi.
465 2714 650 2773 Tradit
679 2705 1007 2788 philosophia
1044 2708 1287 2765 Le‘ibnitii
1329 2706 1418 2764 ali·

53 2819 150 2860 uot
172 2804 422 2861 notiones
445 2795 706 2879 generales
730 2798 783 2851 in
808 2790 1062 2869 disciplina
1081 2792 1286 2852 morali,
1304 2808 1424 2866 quae

18 2882 136 2942 fidei
175 2888 238 2946 de
270 2880 631 2946 iustificatione
663 2895 817 3021 <Epist
867 2879 1047 2934 eximie
1075 2918 1089 2943 ,
1137 2873 1230 2934 nisi
1253 2869 1427 3013 falllor,

842 2981 867 3038 3
1309 2956 1431 3015 ilu-
