1802 3230
354 178 476 235 244
920 167 924 170 “
951 162 1074 238 Cap.
1106 158 1208 218 JV.

346 275 445 342 fit,
473 293 570 333 nec
593 292 658 330 ne
689 269 706 327 ?
749 272 802 328 id
832 292 944 329 non
976 278 1291 350 expetimur.
1375 273 1436 333 Id
1464 276 1607 332 enim
1635 268 1784 333 simii

346 360 517 425 Baelii‚
538 379 564 415 a
585 355 728 437 gallo
754 355 1080 423 desumtum,
1097 361 1291 416 innuit.
1335 359 1577 439 Quando
1595 362 1647 416 in
1666 367 1784 417 con-s

343 441 585 503 uersione
611 484 623 506 ,
664 457 725 496 vt
754 440 1054 517 loquuntur
1081 441 1329 521 theologi
1352 485 1366 507 ‚
1414 434 1559 499 Deus
1584 449 1780 522 ingene.

339 545 427 586 rat
448 527 506 586 (ΛΤ
532 535 580 582 τὸ
601 527 728 581 velle
745 525 802 584 &
825 525 1286 601 operari,Philipp.
1305 527 1399 582 11.1
1422 545 1469 600 3.
1495 547 1678 584 nonne
1700 525 1729 584 s
1780 540 1783 543 ’

340 614 554 669 initium
581 652 596 675 ,
638 607 966 687 progressum
1012 610 1073 667 &
1099 609 1264 667 finem
1299 608 1473 669 homo
1500 615 1682 688 recipit
1710 615 1780 670 in·

339 692 560 755 stinElus
579 691 827 753 aliorsum
861 692 879 750 ?
921 713 984 751 an
1002 699 1109 772 agit
1127 692 1459 794 quidquam?
1485 695 1626 776 Qis
1646 698 1782 756 dixer.

343 787 412 840 rit
442 778 615 844 mihi,
658 796 750 835 aut
779 798 889 854 quo
916 797 1238 857 argumento
1268 784 1369 836 iam
1392 778 1614 856 probare
1641 780 1779 841 lice't

340 884 458 926 non
500 861 594 921 effe
632 864 852 919 eandem
889 865 1259 921 conditionem
1288 868 1409 925 vitae
1436 862 1682 922 naturalis
1703 871 1782 941 pet

345 951 529 1007 omnia
565 949 786 1006 durandi
828 945 1148 1005 momenta?
1163 949 1354 1006 Vnde
1384 945 1777 1029 cognoscimufl

343 1054 458 1093 non
483 1030 706 1108 inspirari
736 1053 762 1088 a
779 1032 945 1089 DEO
971 1035 1238 1107 adpetitus
1257 1030 1472 1110 quosuis
1500 1035 1707 1111 bonofi,

344 1139 373 1176 a
414 1117 633 1174 diabolo
661 1116 832 1172 malos
854 1157 867 1182 ‚
901 1114 1002 1181 seu,
1032 1137 1091 1174 vt
1119 1121 1286 1195 magis
1317 1114 1684 1195 philosophice
1710 1117 1781 1184 10⁴

343 1221 502 1280 quar,
524 1222 552 1260 a
571 1204 827 1279 principio
845 1204 1038 1276 quouis
1063 1218 1284 1259 externo
1316 1200 1336 1258 ἓ
1394 1207 1655 1262 Animum
1673 1199 1780 1261 sub*

344 1293 387 1346 it
408 1287 757 1385 quorundam
776 1306 840 1342 ex
863 1281 1167 1343 reformatis
1185 1285 1435 1346 sententia
1459 1331 1473 1353 ,
1511 1289 1779 1363 praedetenr

342 1375 699 1431 minationem
725 1366 1091 1431 statuentium.
1116 1371 1307 1450 (321)
1399 1370 1485 1447 Est
1510 1392 1598 1442 ea,
1623 1391 1683 1428 ex
1697 1391 1781 1432 aue

341 1453 560 1515 Elorum
576 1473 787 1522 mente,
808 1461 1070 1534 premotio
1086 1495 1101 1522 ‚
1127 1478 1231 1535 qua
1246 1458 1392 1513 Deus
1408 1458 1658 1541 applicat
1647 1476 1777 1514 caus

332 1539 751 1619 sc'zmftcundam
775 1539 846 1596 ad
869 1540 1169 1621 agendum
1153 1564 1206 1598 tn
1222 1543 1430 1622 fingulu
1440 1527 1778 1617 occafifiae'ibus»

336 1624 708 1684 antecedenter
733 1624 804 1682 ad
816 1647 1020 1683 omnem
1035 1630 1382 1704 operationem
1395 1642 1646 1683 creatura
1659 1664 1675 1690 ‚
1689 1625 1781 1700 fir·

332 1714 484 1792 prim
508 1727 703 1767 natura
724 1710 784 1771 ὠ
799 1715 1006 1766 ratione
1028 1748 1044 1775 ‚
1083 1732 1243 1788 qnam
1261 1727 1510 1768 creatura
1526 1725 1769 1788 operatur*

338 1800 430 1855 An
452 1813 619 1853 creata
639 1815 748 1860 res,
780 1792 878 1851 hac
898 1792 1146 1854 sententia
1162 1790 1356 1862 stante,
1387 1815 1501 1853 non
1517 1789 1770 1853 similises

340 1879 486 1960 gallo
511 1879 783 1943 Baeliano,
825 1882 914 1954 qui
941 1885 1097 1936 etiam
1127 1898 1424 1954 praemotus
1448 1900 1475 1937 3
1500 1899 1668 1937 vento
1694 1875 1769 1935 effi

341 1966 535 2023 dicitur
571 1961 589 2019 ?
642 1964 773 2041 quid
819 1959 1031 2022 interest
1070 1967 1205 2021 inter
1247 1982 1537 2041 Vtrumque
1564 1961 1583 2020 ?
1633 1961 1761 2021 Nihi

333 2043 620 2126 profeSlO,
652 2067 817 2126 quam
844 2046 986 2114 hoc,
1008 2051 1160 2125 quod
1184 2068 1243 2106 ex
1273 2066 1455 2107 mente
1482 2049 1682 2106 horum
1701 2065 1770 2106 re

333 2129 704 2191 formatorum
735 2131 911 2189 homo
940 2151 1319 2212 praemoueatur
1343 2153 1374 2206 ,·
1416 2134 1586 2214 gallus
1606 2149 1773 2190 autem

333 2217 600 2276 Baelianus
625 2237 656 2274 a
679 2237 845 2275 vento
863 2237 1076 2276 tantum
1094 2235 1370 2276 moueatur
1387 2254 1403 2284 ‚
1431 2219 1484 2275 id
1501 2213 1605 2283 est,
1635 2221 1759 2294 quot

330 2301 480 2360 illinc
497 2303 686 2382 agendi
708 2306 841 2360 vires
879 2305 1096 2381 quidem
1126 2302 1520 2382 supponantur,
1543 2300 1626 2360 sed
1650 2320 1758 2359 nun

333 2406 500 2463 quam
544 2387 887 2452 exercendae,
933 2385 1026 2444 nisi
1064 2392 1206 2463 prius
1243 2390 1308 2446 ab
1351 2406 1571 2445 externo
1598 2403 1754 2464 agent

331 2474 610 2529 excitatae:
653 2470 780 2528 hinc
802 2490 984 2530 autem
1007 2476 1058 2528 in
1077 2472 1219 2554 gallo
1237 2471 1444 2547 prorsus
1467 2471 1626 2529 nullae
1650 2488 1753 2545 prae

327 2549 415 2612 sto
452 2554 532 2613 eff
531 2574 559 2611 e
597 2556 896 2614 videantur.
971 2560 1142 2632 Atqui
1186 2551 1317 2622 nihil
1356 2556 1640 2633 procliuius
1678 2548 1752 2610 est

331 2655 497 2713 quam
530 2656 590 2696 vt
611 2639 928 2697 aduersarius
945 2644 1101 2697 etiam
1129 2636 1247 2698 istas
1270 2645 1404 2699 vires
1431 2656 1625 2716 neget,
1660 2657 1757 2714 qua

330 2719 440 2779 s1ne
458 2719 752 2780 sublimiori
778 2729 974 2783 virtute
995 2744 1366 2800 praemouente
1380 2724 1589 2781 inutiles
1607 2717 1665 2777 &
1686 2741 1758 2778 ve*

326 2805 416 2863 lut
442 2824 676 2867 mortuae
713 2807 850 2866 sunt.
933 2808 1095 2865 Dicet
1123 2815 1263 2868 enim
1291 2805 1648 2865 aduersarius.-
1679 2821 1757 2861 ca

325 2886 452 2951 bono
461 2890 590 2972 sient
608 2895 745 2953 vires
761 2929 778 2961 ,
803 2911 909 2974 quae
929 2894 1123 2972 nonnifi
1136 2894 1257 2955 actae
1274 2908 1466 2974 agunt
1459 2899 1480 2935 ἓ
1519 2895 1663 2949 entia
1683 2907 1757 2949 no·

1645 2975 1757 3050 sum
