1802 3230
391 96 609 153 rationis
634 114 753 150 cum
775 95 1102 158 reuelatione.
1367 87 1457 173 27¹

16 228 33 249 a.
95 202 237 251 diurn.
279 197 322 244 Si
345 194 545 243 extensio
569 194 720 250 datur-3
753 193 886 243 datur
899 195 1450 258 extensorumcontgehm

67 258 70 263 ⁴
96 279 231 328 atque
271 258 450 311 extensa
479 260 529 306 in
558 257 783 305 infinitum
814 258 1079 309 diuifibilia:
1112 257 1244 322 ¹ergo
1277 276 1381 309 cum
1407 262 1452 319 se

22 341 35 349 “’
97 340 258 377 mutuo
290 329 609 388 contigerunt,
643 320 731 378 suas
756 323 949 372 inuicem
984 322 1280 371 dimensiones
1313 341 1454 387 pene-

97 397 257 455 tranjg
286 389 409 452 quod
431 387 490 433 est
514 387 760 434 absurdum.
825 389 1106 450 Superficiem
1135 404 1235 434 non
1264 388 1452 436 statues:

101 455 163 502 est
191 457 313 503 enim
344 451 614 500 extensionis
649 451 887 509 terminus,
923 455 998 515 qui
1030 470 1054 499 a
1087 467 1134 500 re
1165 451 1372 508 diuifibsiii
1401 454 1454 509 in

98 518 328 567 infinitum
350 517 520 564 exulat.
578 515 682 562 Vid.
710 529 863 577 praeter
895 518 1105 574 Baelium‚
1148 529 1307 564 artem.
1343 531 1450 579 gog.

103 585 150 629 P.
167 583 247 629 IV.
270 585 323 629 C.
335 585 370 629 1.
419 580 643 628 Libertum
658 580 964 626 Fromondum
986 583 1034 627 in
1055 582 1203 638 libro,
1227 595 1357 645 quem
1380 581 1450 628 la-

101 646 367 708 byrinthum
389 645 443 691 de
463 640 787 705 compositione
806 646 1013 691 continui
1039 643 1268 707 inscripsit.
1325 645 1345 676 ὲ

26 712 39 746 -’
66 713 177 771 (41)
208 709 316 758 Vid.
341 709 397 757 de
423 708 609 755 materia
626 704 792 752 difficili
807 739 821 764 ‚
849 724 940 765 quae
961 709 1101 757 solide
1119 723 1201 772 pro
1225 723 1276 758 ea
1298 707 1444 770 expli-

100 773 244 823 canda
262 774 400 823 tradit
424 770 583 841 Wolf.
609 771 658 817 in
671 770 794 832 phys,
816 774 910 818 P.I.
930 770 1036 837 §.4

639 866 696 935 ς.
738 879 766 919 2
780 880 829 934 3.

171 960 408 1038 Persequi
439 964 615 1029 omnia
648 962 720 1017 ob
741 956 959 1018 instituti
985 963 1347 1036 temporisque
1367 977 1442 1016 ra-

36 1044 366 1106 tionemnon
385 1043 684 1120 possumus:
728 1049 1115 1122 vnicumergO,
1156 1041 1440 1121 quod-spe·

36 1122 325 1188 ciofiffimis
354 1128 588 1187 adscribo
609 1169 625 1194 ‚
669 1128 852 1185 Huetii
879 1130 1101 1201 dubium
1137 1124 1416 1184 confutare
1435 1169 1449 1191 ,

36 1216 129 1271 erit
146 1211 469 1270 consultum.
508 1215 585 1270 Ita
602 1231 728 1269 vero
743 1211 955 1287 scriptor
973 1208 1450 1291 famigeratiffimus

34 1315 305 1375 argutatur
331 1318 344 1351 :
397 1295 753 1372 ,Quodcunque
785 1299 1122 1351 ratiocinium
1141 1312 1452 1374 proponatur

31 1400 122 1460 pro
161 1379 357 1436 tuenda
394 1386 588 1437 ratione
614 1416 632 1443 ,
681 1378 740 1433 id
754 1377 980 1453 subinde
1008 1400 1077 1435 ex
1110 1381 1215 1457 ipsa
1246 1382 1451 1436 ratione

36 1472 235 1522 orietur
253 1488 269 1519 ,-
287 1468 438 1540 atqui
460 1461 558 1518 haec
583 1466 831 1539 principii
850 1467 1033 1540 petitio
1055 1461 1142 1536 est,
1169 1459 1452 1539 defendere

35 1551 177 1624 (42)
214 1551 466 1603 rationem
480 1566 573 1624 per
602 1550 873 1604 rationem.
961 1549 1094 1625 Ergo
1122 1566 1262 1602 vana
1285 1550 1453 1602 omnis

32 1631 106 1706 est
132 1649 227 1708 pro
262 1628 459 1687 tuenda
497 1632 696 1686 ratione
742 1636 1013 1688 contentio.
1096 1631 1247 1686 Bona
1293 1630 1452 1687 verba

30 1712 227 1790 quaeso.
301 1712 414 1790 Qui
442 1733 504 1770 ex
542 1715 740 1770 ratione
772 1733 869 1790 pro
902 1718 1102 1771 ratione
1137 1731 1363 1794 pugnat,
1404 1717 1448 1770 is

31 1796 442 1875 haudquaquam
479 1801 738 1853 incertum
763 1796 951 1872 probat
978 1817 1066 1876 per
1100 1816 1250 1874 aeque
1279 1802 1445 1854 incer-

32 1898 152 1940 tum
172 1926 185 1948 ,
231 1880 315 1938 sed
342 1901 404 1938 ex
423 1881 656 1942 dofflina
673 1885 898 1949 notiori,
941 1900 1057 1957 quae
1086 1877 1257 1958 &ipsa
1284 1885 1442 1938 ratio·-

33 1970 114 2023 nis
142 1970 360 2024 nomine
387 1968 561 2030 venit,
600 1969 918 2043 ignotiorem
961 1961 1181 2023 stabilire
1218 1967 1446 2022 conniti-

37 2068 142 2109 tur.
206 2051 363 2106 Ratio
389 2052 531 2105 enim
565 2044 670 2114 est,
714 2067 774 2105 vt
795 2047 886 2109 sub
916 2051 1123 2106 initium
1156 2050 1289 2119 dixi,
1328 2056 1475 2126 peri

20 2137 301 2214 spicientia
320 2153 484 2187 nexm
519 2136 841 2188 veritatum:
884 2137 970 2208 qui
998 2137 1254 2202 rationem
1286 2135 1447 2211 igitur

35 2215 301 2281 defendit,
340 2220 382 2273 is
411 2217 518 2272 dari
555 2234 677 2272 cum
704 2219 878 2292 primis
897 2218 1200 2274 veritatibus
1227 2215 1443 2272 aliarum

5 2300 401 2360 ¹sententiarum
439 2302 818 2358 connexionem
846 2301 1104 2357 affirmat:
1169 2320 1281 2357 non
1310 2303 1443 2373 petit

12 2406 161 2465 sergo
191 2387 524 2462 principium.
587 2381 705 2441 Nis1
727 2381 887 2459 ipsum
915 2387 1143 2442 veritatis
1170 2381 1442 2440 summum

31 2476 239 2528 axioma
264 2472 318 2525 in
348 2468 570 2525 dubium
604 2487 792 2525 vocare
818 2466 969 2534 velis,
1026 2469 1174 2546 quod
1201 2467 1310 2523 hoc
1335 2461 1441 2524 est:

32 2559 157 2611 Non
188 2549 341 2631 potest
373 2552 512 2606 idem
533 2552 694 2625 fimul
728 2553 814 2630 effi
845 2551 903 2610 &⁴
939 2573 1034 2609 non
1076 2552 1162 2627 effe
1184 2574 1199 2605 .-
1267 2550 1440 2626 (43)

30 2639 180 2713 quod
211 2631 513 2692 &faffltare
528 2635 1009 2698 Huetiusvidetur,
1045 2641 1133 2711 qui
1154 2632 1442 2710 hocipsum

30 2725 275 2780 nondum
295 2717 385 2776 esse
407 2721 654 2779 concedit
670 2720 992 2796 exploratum
1007 2760 1020 2781 ‚
1066 2736 1441 2794 vtrumpropo-

9 2807 130 2881 ficio
146 2800 374 2885 qnalibet
397 2804 603 2877 verafit
627 2805 874 2882 anfalsa?
917 2805 1121 2862 Verum
1149 2799 1441 2864 enimuem,

64 2898 76 2913 ‘
1314 2900 1422 2947 aut,>

1496 979 1666 1023 Nouum

1497 1042 1651 1088 Huetii

1501 1105 1682 1151 dubium

1458 1167 1666 1231 soluitur„
