1802 3230
518 137 602 190 De
634 131 858 189 hemine.
1319 155 1390 212 25·
1412 163 1433 200 t

39 249 71 306 d
120 243 566 307 consultandum,
614 245 978 318 poenitentiam
1011 286 1023 308 ‚
1081 243 1278 320 aliaque
1321 248 1439 303 reli-

32 351 126 406 flua.
186 329 320 387 Non
352 346 506 385 erunt
536 325 793 404 superflua
831 326 946 384 haec
974 371 988 394 ‚
1051 328 1135 385 sed
1176 326 1439 388 necessaria
1514 323 1519 328 ¹

30 426 77 472 ,κ’
86 431 275 492 aeque,
289 409 541 490 physico
537 431 702 478 certe,
737 411 772 470 sl
799 431 910 470 non
930 409 1290 478 morali,nexu
1306 434 1435 472 con·

31 498 258 557 ‘entur-a.
342 496 491 572 Quid
516 515 644 576 ergo
675 494 932 555 tandem?
976 491 1301 575 Distinguo
1290 518 1342 554 m
1377 496 1435 555 li·

48 598 208 656 crtate
233 595 372 636 certa
412 598 707 638 momenta.
789 578 902 635 Alia
942 597 1031 652 per
1067 586 1438 654 experientiam

88 661 345 741 respectus
371 664 598 722 morales
621 665 827 740 probari
848 659 1092 738 poffunt3
1139 685 1307 722 vnum
1345 686 1439 723 eo-

32 746 124 806 nm
145 768 260 807 non
284 743 476 824 potest.
542 748 622 804 En
642 753 879 824 :quinque
898 747 1148 805 libertatis
1170 748 1436 825 requisita!

24 836 187 890 ι’ῐὶωο
211 826 399 909 praesto
429 827 522 888 effe
550 831 709 906 debet
735 826 922 910 agendi
950 833 1029 886 vis
1047 855 1062 886 .·
1104 828 1222 906 post
1247 837 1434 889 exclu-

23 916 175 974 lenda
204 914 268 989 est
315 917 571 986 neceffitas
617 913 944 991 metaphysica
971 930 999 979 ,²
1044 919 1190 975 cuius
1221 916 1434 993 opposi-

29 1018 121 1059 um
159 997 633 1057 contradictionem
669 999 929 1063 inuoluit,
971 998 1179 1075 qualem
1214 1002 1435 1076 Spinoza

24 1086 188 1160 J326)
223 1079 562 1140 introduxisse
591 1085 827 1140 videtur:
863 1100 981 1139 tum
1008 1086 1225 1140 arcenda
1248 1080 1321 1143 est
1345 1107 1437 1139 ne-

19 1169 192 1243 eeffitas
207 1165 428 1246 physica,
462 1170 609 1222 cuius
636 1165 945 1243 oppositum
974 1172 1026 1224 in
1056 1169 1315 1225 miraculis
1334 1188 1435 1244 po·

21 1256 162 1308 nitur.
246 1251 375 1307 Sic
363 1254 508 1335 ignis
528 1251 798 1307 necessario
835 1255 938 1308 vrit
967 1294 980 1317 ,
1039 1249 1120 1310 sol
1144 1271 1431 1322 mouetur,

21 1332 101 1392 list
130 1351 387 1410 portento
424 1330 607 1391 ditiino
644 1336 786 1392 aliud
821 1330 1119 1399 statuatur,
1181 1340 1232 1392 in
1271 1356 1431 1413 quam

17 1414 144 1476 forte
161 1412 562 1477 Thomistarum
591 1415 765 1476 schola
788 1458 804 1483 ,
847 1417 1116 1493 physicam
1153 1424 1433 1495 praedeter-

61 1505 351 1560 inationcm
378 1504 793 1578 adoptandum,
833 1505 1237 1578 propendebat·
1223 1545 1239 1571 ,
1291 1524 1431 1563 certe

9 1587 214 1663 ¹luidem
248 1585 620 1641 Malebranche
645 1627 660 1651 ,
712 1588 978 1644 Sturmius
1006 1626 1021 1650 ‚
1067 1586 1286 1663 aliique,
1339 1595 1429 1665 qui

8 1674 109 1729 vim
137 1673 188 1727 in
211 1670 366 1725 rebus
386 1673 566 1725 creatis
590 1689 813 1726 omnem
845 1670 1011 1727 DEO
1040 1668 1131 1727 soli
1165 1675 1427 1739 tribuunt,

0 1771 242 1829 ¹erpetua
286 1753 530 1810 miracula
575 1751 837 1831 fingentes
881 1751 1016 1811 hanc
1071 1754 1427 1814 neceffitatem

0 1835 263 1913 ÷÷2hyficarn
303 1856 361 1892 ex
386 1842 408 1902 (
433 1839 588 1910 327)
631 1839 944 1913 corporibus
978 1837 1200 1897 tollunt.
1286 1841 1427 1897 Prae-

7 1941 131 1979 cerea
155 1941 180 1977 a
205 1921 441 1978 libertate
469 1925 791 1980 remouenda
818 1917 891 1978 est
916 1925 1173 1997 neceffitas
1199 1927 1432 1991 moralis,

0 1999 96 2082 qua
130 2003 304 2063 homo
336 2023 425 2078 per
456 2023 592 2062 certa
618 2013 824 2064 motiua
863 2005 928 2063 ad
961 2004 1100 2073 hoc,
1147 2024 1238 2063 aut
1261 2006 1424 2074 illud,

2 2107 62 2148 :ta
81 2109 193 2147 non
228 2087 504 2145 inclinatur
527 2090 727 2153 modo,
774 2085 859 2146 sed
897 2094 1123 2167 rapitur,
1165 2108 1227 2148 vt
1249 2092 1424 2152 videat

0 2173 208 2230 meliora
236 2174 564 2250 probetque,
607 2175 968 2249 deterioraquc
993 2172 1251 2252 sequatur.
1301 2176 1426 2234 Hu-

0 2264 74 2317 ius
93 2263 416 2315 contrarium
442 2253 514 2315 est
531 2258 943 2334 fiape'rnaturalis
966 2258 1209 2315 idearum
1230 2254 1427 2319 fortius

0 2340 330 2400 afficientium
355 2346 407 2397 in
433 2346 673 2399 animum
703 2340 971 2402 immissio.
1051 2344 1219 2400 Sic-in
1248 2345 1426 2410 rebus,

0 2421 59 2491 ad
89 2426 500 2500 comparandam
538 2430 702 2484 vitam
727 2443 978 2484 aeternam
1010 2429 1423 2502 pertinentibuS,

0 2505 487 2568 homo'destituitur
512 2508 677 2567 libero
706 2512 950 2576 arbitri0,
991 2530 1103 2568 non
1120 2506 1295 2588 potest
1309 2531 1424 2571 non

0 2592 198 2667 peccare
227 2594 512 2667 necessitate
551 2594 749 2652 morali.
826 2596 931 2653 Sed
970 2591 1102 2654 absit
1128 2638 1142 2662 ,
1207 2612 1271 2654 vt
1300 2614 1423 2654 ean-

0 2676 113 2737 dem
141 2677 448 2736 mortalium
473 2679 842 2735 conditionem
864 2673 1184 2737 statuamus
1170 2699 1222 2736 m
1247 2699 1421 2759 nego-

0 2759 82 2825 tii}
101 2761 373 2825 ciuilibus,
427 2762 769 2821 naturalibus,
864 2762 976 2840 Qi
1011 2779 1189 2821 tamen
1218 2765 1420 2839 praede-

0 2849 416 2905 terminationem
440 2845 709 2906 moraliter
727 2836 1093 2920 irrefistibilem
1120 2843 1413 2912 stabiliunt,

1217 2928 1411 3010 (328)
