1845 3240
0 12 11 70 'f

514 112 1058 177 'PRAEFATIQ

60 226 301 296 tamen
344 223 422 284 vt
458 208 637 284 hanc
683 231 1185 305 anteponerem
1231 210 1372 289 illi,
1444 214 1513 281 δε

59 304 348 379 instituti
385 307 561 377 ratio
588 361 610 393 ,
659 310 727 376 δι
769 303 971 377 seculi
1003 307 1256 400 genius·
1281 303 1514 397 posce·
1593 398 1596 399 ⁷

32 396 196 470 bat.
294 399 394 470 Vt
420 397 889 470 meditationis
919 398 1159 470 seriem
1193 412 1382 493 grata
1408 417 1516 466 re-

59 489 351 584 spirandi
388 513 591 564 mora
621 491 1157 586 distinguerem3
1204 512 1518 584 paragra·

55 582 217 678 phis
258 581 496 674 paffim
523 581 846 676 quaedam
872 633 897 667 ‚
940 584 1094 657 data
1120 585 1518 673 occasione,

56 678 411 750 interserui
451 699 534 747 ex
572 674 848 749 historia
888 679 1254 757 litteraria,
1315 675 1523 745 cuiue

57 770 282 842 studio
322 767 494 842 nihil
530 769 792 842 dulcius
825 818 849 852 ,
907 768 1080 842 nihil
1125 769 1207 842 ad
1247 767 1520 840 demul-

59 863 322 935 cendos
370 862 836 936 meditationis
885 861 1254 955 profundae
1302 863 1524 952 impa-

64 957 316 1031 tientes
370 959 643 1028 animos
693 954 1304 1029 adcommodatius
1362 955 1528 1025 exfi-

65 1051 195 1128 stit,
299 1046 813 1143 Indulgendum
852 1047 924 1120 id
964 1050 1175 1145 igitur
1218 1066 1366 1119 erat
1404 1068 1530 1139 ge-

64 1143 186 1212 nio
216 1142 534 1214 aufforis.
626 1144 812 1214 Inter
839 1165 920 1214 ea
944 1189 970 1225 ,
1015 1163 1176 1235 quae
1206 1138 1526 1235 singulari

63 1233 336 1306 ratione
378 1234 711 1327 exposui,
753 1236 1063 1308 eminent
1084 1259 1148 1306 v.
1172 1259 1240 1330 g.
1265 1231 1523 1303 doari-

61 1351 176 1399 nae
232 1327 319 1416 de
377 1324 655 1400 libertate
686 1380 704 1408 ,
758 1327 1222 1420 ommpraesentia
1281 1322 1527 1418 Christi,

44 1417 472 1513 ‚iustificatione
496 1472 515 1500 ‚
553 1414 962 1516 satisfafilione
985 1471 1004 1499 ,
1057 1416 1530 1514 praedrstinatio«

65 1537 140 1584 ne
182 1505 335 1594 &50-
436 1515 632 1604 Qas
679 1534 756 1585 vt
801 1512 1191 1585 beneuolus
1225 1512 1449 1583 lefior
1485 1532 1528 1583 a

67 1609 294 1699 capite
333 1605 418 1677 ad
452 1608 709 1678 calcem
748 1609 1085 1702 patienter
1114 1605 1189 1678 δε
1215 1626 1380 1681 cum
1403 1625 1525 1677 cu-

65 1721 143 1772 ra
171 1700 511 1794 expendat
537 1749 560 1784 ‚
609 1701 811 1773 enixe
838 1721 1049 1796 rogo.

158 1901 160 1903 >
241 1849 487 1922 Stilum
532 1855 897 1942 potuissem
940 1852 1370 1924 comtiorem
1412 1872 1534 1920 ex·-
1650 1837 1651 1840 '

64 1940 305 2018 hibere
333 1992 356 2025 ,
402 1948 548 2016 imo
578 1966 816 2018 reuera
840 1944 1293 2018 exhibuissem
1319 1948 1388 2015 in
1405 1944 1528 2014 alia

67 2040 437 2132 occasione
464 2085 482 2114 ‚
545 2039 662 2108 nifi
700 2063 777 2112 ea
814 2061 978 2111 cura
1024 2039 1531 2115 attentionem,

67 2129 368 2205 maxime
388 2128 529 2204 hoc
553 2129 734 2204 libro
754 2133 1181 2206 neceffariam
1197 2185 1215 2218 ,
1244 2130 1532 2200 minuis-

70 2225 190 2295 set·
299 2225 490 2314 Qae
533 2238 767 2296 tamen
810 2224 1140 2298 sermonis
1186 2222 1535 2312 praecipua

67 2319 285 2387 virtus
301 2321 395 2386 est
419 2364 440 2394 ‚
481 2319 956 2414 perspicuitatem
986 2315 1304 2386 videlicet
1335 2314 1537 2405 phra-

69 2411 246 2482 fium
276 2408 798 2504 diffionumque
830 2411 1009 2482 adeo
1044 2430 1195 2477 non
1227 2406 1536 2500 neglexi,

67 2520 191 2582 vt,
235 2520 583 2592 quantum.
624 2529 746 2598 per
784 2506 953 2598 ipsas
1000 2501 1343 2572 dothinas
1388 2497 1535 2568 fieri

70 2597 343 2688 potuit,
377 2595 752 2689 plurimum
777 2602 849 2671 in
883 2621 961 2667 ea
992 2595 1337 2687 posuerim
1370 2613 1537 2683 ope-

66 2711 192 2758 rae.
310 2692 420 2760 De
459 2690 787 2762 modestia
820 2736 841 2772 ‚
885 2711 1017 2780 qua
1061 2686 1159 2756 fui
1198 2685 1346 2756 vsus
1372 2739 1391 2771 ‚
1440 2683 1537 2753 di-

64 2799 226 2865 cere>
269 2781 441 2857 nihil
480 2780 790 2857 adtinet:
851 2785 1002 2855 eius
1051 2781 1244 2853 enim
1300 2777 1537 2938 negle-

743 2881 800 2968 )(
846 2901 895 2963 4
1454 2889 1536 2938 us
