1802 3230
299 164 309 189 3
341 97 504 176 ,Quod
525 104 670 158 Deus
685 101 987 177 fitym’cus.
1259 100 1381 176 '157

11 195 132 248 scure
153 200 457 261 cognouerine
478 199 573 263 ipso
599 200 895 264 antiquiores.
929 220 972 251 v.
997 213 1044 264 g.
1067 198 1231 247 Cicero
1254 197 1386 248 acad.

15 261 240 327 quaestion.
254 267 302 310 L.
315 267 372 311 Π.
387 266 452 310 ait
474 282 486 312 :
521 267 626 312 dicis
646 267 769 314 nibil
791 265 990 331 ffidem
1002 297 1020 322 ,
1040 263 1226 329 quodfit
1235 264 1388 311 aliud.

13 331 202 376 Stoicum
221 326 276 392 est
295 330 498 390 quidem,
517 348 592 377 nec
613 329 850 379 admodum
868 331 1099 382 credibile,
1127 326 1294 375 nullum
1314 323 1392 391 ff

13 393 153 456 pilum
172 392 368 438 omnibus·
387 392 512 441 rebus
525 392 663 440 talem
675 426 694 449 ,
717 394 859 455 qualis
873 393 933 457 sit
946 393 1208 457 pilucaliuc,
1220 390 1389 439 nullum

11 487 13 494 ι
47 471 207 501 ranum
217 454 303 509 &a
337 458 427 502 Iac.
441 454 704 505 Thomafius
723 458 772 504 in
792 457 932 520 logie.
951 471 1051 519 cap.
1062 472 1108 513 4.
1118 455 1178 501 de
1191 453 1388 501 indiuid.

22 521 83 564 ‘ta
95 516 252 564 definit
264 518 543 567 indiuiduum
558 553 571 578 ,
592 534 640 566 vt
651 520 708 567 ab
723 520 811 567 hoc
826 521 1058 567 axiomate
1070 533 1167 567 non
1183 517 1389 565 videatur

15 581 196 644 longius
219 582 419 632 abluisse.
478 585 766 632 Indiuiduum
785 583 868 645 est,
889 584 1062 647 inquit,
1084 583 1200 646 quod
1219 581 1388 645 constat

35 664 70 694 x
87 649 431 708 proprietatibm
440 682 458 706 ,
482 665 669 712 quarum
687 648 869 695 collestio
880 663 1108 710 nunquam
1124 652 1175 692 in
1184 649 1278 692 alio
1289 648 1387 692 ali-

14 760 25 767 „
42 727 96 758 uo
116 711 264 757 eadem
275 709 345 774 ‘ffi’
352 713 502 777 potest.
564 713 685 774 Ergo
699 711 875 758 nullum
889 709 1172 757 indiuiduum
1186 709 1316 756 alteri
1329 721 1390 753 ex

49 775 142 821 mni
158 788 283 836 parte
295 773 433 823 firnile
454 794 465 823 :
498 791 607 840 ergo
623 778 749 822 iuxta
760 774 1034 821 Leibnitium
1050 804 1066 832 ,
1082 779 1241 819 eorum
1256 803 1271 829 ,
1292 774 1391 836 quae

42 838 164 884 lteris
188 837 361 901 prorsus
381 838 539 887 fimilia
563 837 665 886 sunt
681 871 695 896 ‚
713 854 814 885 non
834 837 897 884 cst
918 835 1148 885 distinffio
1161 869 1176 894 ‚
1197 834 1269 883 sed
1282 850 1392 883 cum

40 901 163 948 lteris
185 904 348 951 vniras.
407 905 499 966 Qi
523 904 661 967 igitur
684 902 776 949 duo
789 906 992 950 Deorum
1009 899 1392 963 indiuiduafingit

18 967 188 1027 penit-us
211 968 395 1027 aequalia
409 1000 423 1025 ,
445 983 583 1015 vnum
605 966 781 1028 cogitat
793 968 977 1014 DEVM
997 963 1075 1012 sub
1091 962 1272 1022 (diuerso
1294 978 1388 1010 no·-

16 1031 146 1076 mine.
169 1029 462 1095 Claubergius
474 1033 522 1078 in
535 1029 785 1094 metaphys·
798 1046 893 1096 quae
906 1028 1116 1091 operibus·
1130 1026 1390 1092 philosoph.

14 1093 227 1140 ¹omnibus
243 1091 401 1143 inserta
414 1099 571 1158 p.30⁶.
585 1094 630 1142 h.
644 1111 707 1142 m.
721 1092 1060 1157 philosophatur
1079 1111 1091 1140 ε
1116 1093 1386 1157 singularem

20 1164 209 1220 :uimque
228 1163 294 1205 rei
303 1165 532 1208 ¹unitatem
544 1157 829 1224 cognoftimus
840 1176 895 1206 ex
905 1161 1028 1206 certi6
1040 1155 1385 1212 conditionibus,

41 1238 101 1270 uae
118 1237 262 1268 omnes
280 1223 406 1286 simul
413 1225 570 1288 sumtae
587 1229 637 1269 in
652 1225 752 1271 alia
771 1241 818 1270 re
836 1223 986 1271 eaedem
995 1238 1173 1270 numero
1183 1223 1386 1270 inueniri

45 1298 225 1347 equeunt
244 1304 260 1333 .-
290 1287 360 1333 his
373 1287 562 1336 verfibus
579 1284 928 1351 comprehensae:

76 1366 236 1413 Forma
247 1397 263 1421 ,
276 1368 423 1430 figura
430 1400 448 1423 ,
469 1370 580 1413 locus
590 1397 605 1422 ‚
619 1365 757 1431 stirps
768 1399 784 1424 ,
802 1383 958 1414 nomen
967 1399 983 1423 ,
997 1370 1185 1428 patria,
1200 1377 1384 1430 tempus,

140 1431 329 1492 Propria
339 1462 357 1486 ,
374 1430 628 1495 quaeſsptem
640 1436 831 1499 continet
845 1435 980 1479 omnis
991 1428 1132 1477 homo.

25 1505 117 1550 Hoc
138 1505 369 1555 axiomare
393 1506 630 1554 obseruato
650 1513 822 1571 magnae
843 1506 1131 1554 difficultates
1153 1504 1209 1552 de
1221 1503 1385 1566 spatio,

21 1582 219 1631 tempore
241 1573 379 1619 creati
393 1570 575 1628 mundi,
601 1569 934 1631 compofitione
947 1571 1180 1625 continui,
1203 1569 1389 1631 aliisque

26 1629 197 1679 r'amofis
219 1632 487 1697 labyrinthis
512 1649 684 1684 exortae
705 1634 956 1686 [eluuntur.
989 1631 1388 1697 Vidamfflilfing.

21 1700 27 1704 '
47 1695 200 1744 ilucid.
217 1696 255 1761 §.
267 1715 325 1761 4¹
338 1715 382 1749 ι.

536 1799 583 1860 §.
653 1810 676 1853 1
693 1813 717 1870 3
736 1810 787 1853 1.

92 1883 225 1943 Hoc
262 1905 377 1946 vno
419 1887 733 1960 obseruato,
773 1892 958 1954 confla
985 1909 1296 1974 argumenta
1326 1895 1382 1952 in
1440 1927 1608 1974 conti-

27 1972 390 2029 tecedentibus
423 1971 642 2054 allegata
669 1980 780 2037 vim
804 1974 1200 2035 demonstrandi
1228 1977 1378 2035 sorti·
1433 2003 1605 2038 nuatur

18 2070 134 2111 etur.
212 2055 396 2113 Primo
424 2062 565 2116 enim
597 2059 775 2118 licebit
799 2080 924 2118 cum
950 2064 1186 2137 patribus
1213 2061 1380 2121 eccle·
1401 2054 1615 2131 emerqda-

29 2158 37 2191 e
74 2141 242 2195 citatis
279 2141 345 2197 ab
377 2142 492 2198 idea
535 2140 882 2219 perfefflffimi
909 2149 1043 2202 entis
1068 2165 1283 2224 arguere
1314 2146 1383 2205 ad
1482 2128 1566 2168 “⁰⁸

15 2240 60 2277 -ιε
74 2239 313 2280 naturam
336 2229 567 2282 vnicam.
623 2227 819 2288 Namss
843 2230 961 2288 duae
987 2227 1230 2304 pluresue
1253 2227 1385 2289 exfi-

29 2323 143 2364 rent
160 2325 359 2366 naturae
377 2305 786 2386 perfeaisfimae:
822 2314 1197 2390 inquirendum
1217 2308 1402 2380 foret..

27 2408 84 2444 :m
101 2388 204 2449 illae
222 2393 461 2470 quodam
477 2396 755 2453 adtributo
779 2391 1049 2455 differrent
1064 2440 1078 2463 ‚
1105 2417 1204 2456 nec
1217 2395 1319 2456 ne?
1342 2394 1382 2456 fi

26 2465 230 2541 ferunt,
268 2473 408 2534 recle
447 2496 573 2535 cum
612 2483 845 2556 patribus
880 2479 1085 2560 colligis
1112 2524 1127 2548 ,
1189 2479 1384 2540 habere

66 2576 120 2613 m
149 2559 374 2618 DEVM
389 2604 404 2626 ‚
431 2563 582 2638 quod
608 2563 738 2622 alter
768 2585 880 2623 non
904 2564 1125 2623 habeat:
1168 2563 1263 2623 effe
1284 2569 1383 2643 igi-

31 2658 130 2727 ’ρο
155 2641 431 2702 deficiente
458 2650 632 2704 minus
661 2644 985 2724 perfefium:
1029 2647 1063 2705 fi
1091 2670 1203 2707 non
1229 2644 1398 2709 diffe-

29 2739 209 2787 ·1t,·ex
234 2732 512 2786 recentiori
529 2729 773 2790 Leibnitii
802 2730 1136 2809 philosophia
1154 2734 1383 2793 conclu-

31 2804 232 2884 potest,
272 2815 424 2890 quod
464 2831 666 2883 veteres
701 2835 817 2877 non
850 2818 1222 2885 aduerterunt,
1264 2838 1381 2874 non

193 2923 195 2926 ·
1214 2903 1377 2967 duos,
