1802 3230
415 99 502 154 De
524 96 730 168 infinita
759 58 890 154 DEI
918 113 1130 160 natura.
1243 65 1246 67 ‡
1363 123 1474 183 147

27 189 228 285 ‘igitun
271 197 307 259 fi
347 195 550 277 placet,
596 198 858 259 summam
898 197 990 258 effe
1012 200 1169 262 huius
1208 209 1471 283 principii,

40 286 482 357 affrecentioribus
513 279 803 344 distinctius
828 282 1061 353 euoluti,
1105 291 1158 343 in
1190 287 1466 370 theologia

39 369 412 451 neceffitatem.
700 372 704 375 ’

618 469 668 530 §-
728 483 860 526 122.

175 554 302 610 Nos
328 553 489 631 igitur
521 540 780 610 infinitam
806 554 910 610 Dei
925 567 1163 609 naturam
1189 554 1458 631 probaturi
1479 585 1726 635 Roboratur

39 634 136 696 hac
150 642 233 697 via
253 638 596 716 ingredimur.
677 644 790 695 Aut
809 635 1044 694 limitum
1071 639 1459 717 graduumque,
1510 653 1696 714 infinita

38 724 232 800 quibus
249 721 440 778 diuinae
452 723 675 779 virtutes
691 716 1036 777 circumscribi
1051 716 1331 799 finguntur
1345 765 1358 787 ‚
1382 742 1459 782 ra·
1560 717 1648 761 Dei

40 809 120 864 tio
136 801 226 870 est,
246 807 458 861 autnon
473 798 566 861 est.
623 801 714 859 Sin
739 799 1241 881 hocadfirmaueris2
1279 804 1452 881 philo·
1502 792 1689 828 ''amn’‘

38 886 235 965 sophiae
254 893 431 946 omnis
449 883 865 944 fundamentum
883 881 1173 946 labefastas.
1213 890 1305 946 Sin
1328 888 1462 948 illud

36 973 268 1052 placeat:
304 990 520 1050 quaero:
555 985 646 1026 aut
667 973 798 1028 ratio
815 969 1031 1029 illorum
1060 968 1293 1028 limitum
1322 970 1395 1032 est
1414 978 1468 1032 in

40 1054 228 1122 DEO,
243 1074 333 1112 aut
347 1073 488 1124 extra
510 1053 714 1111 Deum.
752 1054 886 1111 Non
909 1048 1084 1133 potest
1099 1053 1254 1111 essein
1279 1057 1466 1116 DEO.

0 1163 1 1180 ¹
39 1142 160 1198 Siue
175 1140 314 1197 enirn
338 1135 742 1205 confideraueris
759 1157 999 1199 naturam
1030 1141 1138 1196 eius
1158 1147 1467 1218 generatim,

40 1221 147 1282 fine
173 1240 334 1301 prout
361 1218 434 1281 est
456 1244 488 1279 a
498 1222 560 1295 [ὲ
583 1246 599 1276 .·
648 1221 793 1281 nulla
820 1244 917 1300 pro
943 1221 1202 1280 limitibus
1238 1229 1468 1285 occurrit

41 1313 190 1385 ratio.
277 1307 483 1364 Natura
513 1302 788 1365 cuiuslibet
820 1312 889 1364 rei
924 1310 1213 1386 generatim
1249 1305 1468 1385 speRata

42 1411 108 1450 ex
135 1411 292 1469 aequo
309 1410 466 1467 capax
485 1386 556 1447 est
573 1387 654 1446 his
678 1408 769 1449 aut
789 1392 894 1449 aliis
911 1391 1168 1449 limitibus
1193 1396 1467 1469 gradibus-

41 1495 144 1553 que
180 1477 513 1551 recipiendis‚
554 1472 801 1548 nullaque
827 1480 978 1548 proin
1002 1478 1134 1533 rado
1163 1480 1268 1549 peti
1294 1474 1469 1551 potest

41 1562 164 1616 inde
183 1602 196 1625 ,
239 1579 331 1617 cur
360 1557 464 1615 hos
486 1560 666 1634 potius
692 1557 887 1615 DEVS
911 1559 1103 1615 limites
1135 1554 1350 1617 haberet
1371 1581 1469 1617 nec

40 1639 188 1700 alios-
280 1644 383 1700 Sed
404 1640 582 1700 fimilis
604 1643 737 1698 ratio
770 1637 842 1700 est
863 1641 1060 1702 naturae
1082 1641 1210 1697 DEI
1228 1685 1242 1710 ,
1285 1664 1481 1721 quate-⁷

40 1746 143 1784 nus
177 1721 305 1785 esta
327 1729 401 1805 se.
496 1725 763 1800 Nunquid
806 1746 867 1783 ex
894 1723 1301 1803 independentia
1337 1734 1468 1786 ratio

44 1808 242 1869 desumi
259 1805 461 1889 potest,
500 1828 593 1867 cur
609 1807 710 1865 hos
724 1814 907 1885 potius
920 1853 933 1874 ‚
953 1830 1112 1888 quam
1129 1807 1256 1865 alios
1273 1815 1467 1870 admitss

42 1911 120 1953 tat
166 1896 359 1974 gradus
400 1895 686 1954 diuinitatis
722 1892 1000 1951 oceanus?
1060 1895 1287 1952 Minime
1319 1916 1467 1954 vere.

41 1978 188 2059 Ergo
216 1982 268 2036 in
295 1977 460 2035 DEO
482 1976 624 2034 nulla
654 1972 725 2034 est
743 1977 976 2038 limitum
1005 1982 1157 2035 ratio.
1248 1981 1352 2037 Sed
1372 2000 1470 2038 nec

43 2081 183 2120 extra
202 2063 387 2120 Deum
406 2061 511 2124 vlla
536 2058 628 2118 effe
643 2057 854 2135 potest„
877 2058 1186 2138 Dependens
1203 2082 1471 2130 vocamus,

42 2152 192 2217 caius
211 2150 350 2204 ratio
370 2143 435 2219 est
456 2149 513 2200 in
534 2147 726 2202 altero,-
768 2149 912 2222 atqui
943 2146 1095 2203 Deus
1124 2143 1195 2205 est
1218 2148 1473 2223 indepen-

45 2231 207 2296 dens,
250 2248 359 2289 tam
385 2230 562 2308 quoad
586 2227 813 2295 limiteS,
855 2227 891 2287 s1
914 2249 1051 2306 quos
1064 2228 1296 2297 haberet,
1312 2250 1473 2309 quam

41 2316 223 2393 'quoad
244 2332 412 2371 cetera
443 2334 456 2369 ε
498 2332 626 2393 ergo
659 2311 802 2370 nulla
834 2313 1069 2373 limitum
1100 2317 1153 2371 in
1183 2315 1309 2373 Deo
1337 2305 1475 2373 rz'ntio

13 2444 17 2445 ff
43 2403 150 2475 peti
172 2394 348 2475 potest
372 2418 398 2455 a
424 2397 581 2465 rebus
605 2401 847 2454 externis,
931 2396 1141 2479 Qodfi
1167 2401 1361 2477 gradus
1396 2400 1474 2457 di·

44 2485 288 2542 uinarum
311 2486 575 2540 virtutum
592 2482 883 2556 penderent
912 2501 940 2538 a
956 2486 1111 2539 rebus
1128 2501 1271 2541 extra
1289 2484 1476 2540 Deum

38 2563 319 2625 'collocatis
337 2609 351 2631 ,
371 2561 576 2642 possent
597 2568 779 2642 vtique
804 2569 1011 2623 variari:
1044 2586 1181 2622 vnus
1195 2572 1336 2624 enim
1356 2586 1470 2644 gra·

47 2649 144 2707 dus
161 2670 308 2729 aeque
326 2647 582 2726 poffibilis
603 2643 675 2706 est
690 2668 748 2705 ac
774 2648 932 2707 alter:
975 2647 1043 2706 fic
1063 2650 1257 2708 DEVS
1281 2651 1465 2726 passm-

43 2732 197 2792 nibus
235 2734 301 2791 ab
327 2751 516 2813 agente
555 2751 799 2790 extraneo
846 2729 989 2791 foret
1032 2736 1325 2798 obnoxius,
1368 2734 1466 2790 nec

42 2820 194 2895 proin
217 2820 616 2899 independens3
661 2818 809 2956 9Ῐὲοά
832 2814 904 2875 est
933 2816 1236 2895 absurdum.
1283 2837 1286 2841 ’
1320 2819 1463 2896 Ergo

51 2922 54 2924 ·
777 2921 810 2961 2
1273 2902 1464 2957 diuinae
