1802 3230
402 128 484 187 De
520 125 715 187 vita&
747 122 926 182 morte}
1273 121 1386 191 52?

94 195 101 211 s
149 206 152 207 a

40 231 184 288 tuum,
202 227 413 293 pietatem
435 224 604 273 colenti
623 223 999 283 obuioruquuae
1008 215 1206 280 pertinet
1227 211 1285 262 ad
1306 225 1389 259 ex·

28 294 290 364 perientiam
312 291 596 355 spiritualem.
659 287 744 334 Illa
767 289 900 340 docet,
915 283 1005 329 haec
1027 283 1242 344 adplicat.
1305 274 1391 323 ma

27 361 106 426 ipfi
133 356 417 405 substernitur
442 353 629 400 candori
652 383 666 409 ,
700 363 937 411 tantopere
953 345 1194 393 necessario
1216 346 1253 390 Ι.
1276 344 1389 390 Cor,

28 427 169 473 lv.·2.
233 424 392 484 Neque
423 419 542 466 enim
574 416 709 463 fidem
736 413 855 460 suam
877 412 1004 459 DEO
1029 407 1279 473 adprobare
1300 418 1388 469 po-

27 487 111 536 test
134 519 148 544 ,
183 486 259 549 qui
283 490 455 543 rerumb
502 481 661 545 quibus
687 481 736 526 in
757 481 902 525 Deum
916 474 1088 522 candor
1107 469 1393 520 demonstra-

26 567 100 598 tur
122 582 138 608 ‚
168 564 267 596 non
296 550 428 611 plene
459 560 620 608 gnarus
652 540 856 589 exsistat:
901 541 991 586 haec
1022 552 1202 592 autem,
1224 533 1391 581 scilicet

30 613 302 678 experientia
324 611 576 674 spiritualis,
610 607 854 653 candorem
878 604 1103 667 sequitur,
1139 600 1285 647 multo
1318 595 1393 643 vsu

33 679 214 726 demum
242 675 468 740 acquisita.
542 673 633 737 Qi
660 672 795 734 igitur
820 671 868 714 in
889 670 992 715 zelo
1014 682 1096 729 pro
1116 667 1219 711 DEI
1245 661 1393 726 gloria

31 743 200 791 limites
229 742 392 802 migrat
411 771 425 795 ‚
460 736 654 783 excusari
686 750 783 781 non
814 732 957 795 potest
978 763 992 788 ‚
1027 729 1058 776 fi
1087 731 1203 775 circa
1230 724 1394 789 cogni-

31 808 207 854 tionem
228 806 416 866 primam
441 801 650 847 errauerit
670 831 685 856 ‚
722 799 1014 858 veritates-que
1032 794 1201 840 reiiciat
1223 802 1398 852 magno

32 869 135 918 astu
154 901 169 926 ,
204 885 297 931 quae
336 883 437 913 cum
468 864 700 911 credendis
734 864 780 908 ὃς
810 860 993 923 agendis
1021 858 1281 910 cohaerent5
1314 848 1398 899 nili

35 933 160 982 forte
199 932 364 978 dixeris
385 962 398 987 ,
433 935 569 976 etiam
597 927 841 990 pontificios
875 925 999 984 eulpa
1028 939 1235 974 vacare,
1266 931 1399 979 quum

37 998 241 1061 aduersus
268 1001 487 1057 vetitates
510 992 777 1055 euangelica
797 988 886 1050 fica
909 988 1169 1049 conscientia
1190 1015 1205 1037 ,
1229 979 1310 1044 sed
1326 996 1398 1026 er-

38 1079 173 1111 ronea
187 1093 204 1116 ,
238 1053 409 1105 indulti
432 1069 655 1119 tantopere
680 1052 911 1115 defleuiunt
929 1070 944 1098 .-
975 1048 1231 1112 exz'stimant
1256 1049 1401 1098 enim,

29 1126 79 1191 se
100 1126 218 1172 ΠΕΟ
241 1122 430 1185 probare
464 1121 588 1181 ficum
615 1119 864 1165 candorem.
928 1115 1019 1182 Qii
1047 1125 1195 1158 autem
1227 1111 1277 1154 in
1295 1107 1402 1154 zelo
1461 1115 1469 1147 .·'

41 1187 123 1254 pro
155 1187 300 1251 gloria
324 1188 426 1232 DEI
461 1184 625 1230 limites
658 1182 823 1243 migrat
845 1212 860 1236 ‚
896 1190 1111 1241 quantum
1147 1173 1204 1221 ad
1234 1170 1401 1234 cogni-

38 1254 214 1301 tionem
242 1248 475 1296 secundam
493 1279 507 1304 ,
545 1264 638 1310 quae
662 1243 943 1306 experientia:
967 1239 1198 1303 spiritualis
1222 1235 1282 1282 est
1304 1266 1319 1291 ‚
1356 1234 1402 1281 δε

41 1312 388 1380 in³adplicandis
417 1310 678 1359 veritatibus
705 1305 896 1353 versatur
916 1338 929 1362 ,
964 1306 1066 1370 quia
1086 1302 1258 1349 nullam
1282 1297 1403 1344 veri-

41 1394 181 1427 tatem
202 1392 286 1426 nec
310 1378 476 1424 diredte
496 1389 578 1420 nec
597 1371 814 1419 indirecste
837 1383 1000 1433 negat,
1022 1367 1090 1414 sed
1114 1364 1277 1412 sinistre
1301 1376 1405 1409 moa

44 1444 107 1491 do
136 1446 185 1490 in
212 1443 281 1489 his
310 1454 388 1488 aut
415 1442 507 1487 illis
536 1436 703 1484 cafibus
730 1435 960 1496 adplicat,
995 1429 1185 1478 excusari
1214 1427 1410 1474 omnino

47 1506 185 1556 debet
212 1503 399 1565 oraculo
425 1503 548 1550 Pauli
572 1505 630 1548 11.
646 1504 753 1548 Cor.
772 1501 829 1545 V.
851 1515 867 1544 1
882 1515 922 1559 3.
954 1499 1064 1545 than
1084 1499 1177 1545 wir
1197 1510 1259 1540 zu
1281 1491 1410 1545 viel,

36 1573 91 1637 so
127 1573 260 1620 thuns
293 1574 386 1619 mir
408 1573 527 1614 GOtt
550 1568 637 1613 ὅτε.
710 1568 779 1611 Ita
812 1562 907 1608 fieri
938 1559 1082 1625 potest
1103 1591 1116 1614 ‚
1151 1572 1198 1606 vt
1219 1556 1413 1603 nimium

48 1635 231 1700 quidam
261 1633 553 1696 indignentur
586 1630 655 1675 vel
676 1626 820 1674 haerefi
845 1639 1021 1688 apertae,
1048 1624 1117 1672 vel
1137 1621 1256 1671 vitiis
1279 1615 1410 1666 audi-

43 1714 203 1756 ,torum
234 1729 248 1754 ,
304 1713 404 1743 curn
447 1698 491 1742 ὃς
528 1692 768 1741 mediocris
800 1691 922 1739 zelus
954 1687 1146 1736 sufficere
1175 1681 1414 1747 potuisset,

7 1774 10 1777 “
52 1761 306 1810 dummodo
340 1761 572 1806 veritatem
604 1755 739 1818 ipsam
770 1771 870 1801 non
903 1755 1167 1815 impugnent
1187 1780 1201 1807 ,
1236 1747 1340 1792 licet
1363 1744 1417 1791 in

50 1829 144 1875 eius
176 1825 479 1889 adplicatione
511 1820 844 1867 hallucinentur
864 1848 879 1874 ‚
926 1819 1101 1862 veniam
1134 1825 1287 1859 tamen
1317 1822 1415 1855 me·—

52 1906 207 1939 rentur
229 1922 244 1948 ‚
278 1890 379 1953 quia
402 1885 599 1934 candore
621 1882 711 1930 aeti
733 1882 840 1928 talia
863 1879 1151 1942 susceperunt.
1214 1876 1282 1920 At
1305 1885 1416 1917 can-

52 1955 139 2004 dor
166 1970 264 2002 non
298 1951 477 1999 excusat
508 1966 585 1996 eos
607 1981 621 2006 ,
667 1947 740 2009 qui
773 1944 881 2007 ipsas
911 1945 1118 1992 veritates
1147 1946 1417 2003 quocunque

147 2017 292 2070 modo
321 2015 578 2065 necessarias
608 2007 962 2073 adgrediuntur:
999 2005 1058 2052 est
1091 2004 1212 2053 enim
1241 1999 1320 2048 ine

339 2081 556 2130 obtentus
577 2074 909 2140 persecutorum
934 2071 1133 2120 veritatis

625 2153 849 2186 omnium.

446 2237 833 2302 FIN-1
911 2236 968 2294 S.
