1845 3240
547 117 590 172 >1
626 118 687 172 N
717 119 774 174 D
817 119 863 172 Ε
901 119 970 174 Χ.
1084 195 1086 198 Υ

308 226 674 334 TRAC
693 229 796 316 T.
863 228 1136 340 CAP.
1189 232 1250 319 1.

629 366 853 440 Sefflo
882 367 933 438 Ι.

57 482 471 566 Expenduntur
515 483 866 545 recentiores
906 482 1034 543 DEI
1075 480 1373 558 definitio-

193 585 336 645 nes,
372 567 637 628 enarratis
664 605 683 634 ‚
724 584 849 646 quae
874 565 1007 625 hinc
1032 567 1166 628 inde
1190 565 1374 628 disce-

196 662 350 727 ptata
373 649 609 710 fuerunt
631 651 691 710 in
718 662 941 727 partem
969 662 1292 728 Vtramque.
1355 671 1416 729 p.
1433 657 1512 731 84

60 725 402 793 Ostenditur
440 727 569 791 vsus
599 728 1008 792 definitionum
1033 734 1093 792 in
1120 730 1370 812 proban-L

198 814 284 874 dis
310 818 438 876 DEI
469 815 794 874 virtutibUS.
1355 837 1414 899 p.
1437 821 1510 900 96

59 895 173 956 Vbi
196 898 350 959 varia
372 893 716 959 illustrantur
740 895 810 956 ad
835 915 956 957 rem
983 895 1269 960 facientia.
1461 898 1466 902 ’

513 1092 516 1095 .
623 999 852 1069 Scfflo
873 1000 955 1069 ΙΙ.

443 1094 555 1173 De
581 1097 913 1193 exfiflentia
935 1094 1127 1170 DEI.

56 1209 448 1277 Recensentur
474 1212 646 1274 dubia
670 1209 941 1274 aduersus
964 1227 1375 1295 argumentum

196 1297 269 1359 de
299 1296 694 1376 contingentia
726 1311 902 1358 mota.
1320 1320 1377 1379 p.
1401 1307 1510 1365 108

55 1378 188 1438 Vna
212 1374 842 1457 cum.responfionibus
876 1379 947 1439 ad
976 1398 1042 1438 ea
1066 1377 1231 1440 datis.
1283 1383 1398 1443 loc.
1417 1388 1513 1444 cit.

57 1458 566 1524 Commonstratur
595 1462 801 1540 triplex
831 1458 962 1522 vsus
1003 1458 1378 1541 philosophiae

192 1543 560 1613 Leibnitianae
584 1545 641 1602 in
658 1543 953 1621 probanda
966 1545 1090 1604 DEI
1107 1543 1377 1605 exfisten..

195 1629 299 1694 tia,
325 1626 492 1697 isque
528 1627 775 1686 omnino
803 1623 1132 1707 singularis,
1158 1630 1219 1692 &
1239 1628 1378 1688 huic

190 1700 490 1789 disciplinae
518 1709 807 1789 proprius.
1325 1730 1380 1790 p.
1406 1732 1428 1772 ι
1445 1731 1515 1771 zo

593 1807 818 1876 Sestio
849 1805 975 1874 111.

361 1900 472 1977 De
491 1905 718 1995 infinita
745 1899 929 1976 DEI
953 1910 1206 1978 natura.

54 2018 464 2112 Examinantur
487 2032 825 2099 argumenta
849 2031 1112 2080 veterum
1136 2040 1245 2100 pro
1263 2019 1373 2085 hac

190 2114 442 2164 veritate.
1317 2126 1373 2185 p.
1396 2127 1507 2187 ¹42

42 2184 387 2262 Eademque
452 2186 788 2269 supplentur
847 2203 923 2247 ex
977 2184 1369 2249 recentiorum

188 2264 486 2330 doctrinis.
703 2340 707 2341 γ
1311 2290 1369 2353 p.
1395 2290 1503 2354 145

601 2368 822 2439 Sestio
842 2367 960 2436 IV.

335 2466 531 2573 Qod
549 2462 777 2541 DEV
768 2463 817 2540 S
844 2468 925 2560 fit
949 2472 1218 2542 vnicus.

44 2579 459 2644 Examinantur
509 2597 846 2664 argumenta
895 2600 1006 2661 pro
1055 2583 1162 2643 hac
1215 2584 1367 2646 veri-

182 2675 316 2723 tate.
1308 2688 1368 2748 p.
1389 2689 1411 2727 ι
1429 2687 1457 2745 5
1477 2689 1499 2729 ι

43 2740 395 2823 Supplentur
427 2766 497 2807 ex
522 2747 795 2809 Leibnitii
822 2743 1127 2810 doctrinis.
1311 2771 1367 2828 p.
1388 2771 1409 2808 ι
1431 2754 1503 2823 56

589 2868 595 2875 ·
1270 2849 1496 2920 Seffio
