1802 3230
292 167 317 199 '⁷
384 178 472 233 De
501 158 706 247 infihita
731 173 839 230 Dei
861 186 1078 229 natura.
1356 187 1472 244 149

9 294 23 304 “
43 301 174 344 taret
190 325 204 348 ‚
232 278 625 366 repraesenrante
648 301 759 340 eam
781 279 972 337 schefm
989 282 1172 338 diuino
1192 276 1466 338 intelleau

43 388 196 431 tum,
233 387 357 425 cum
404 369 651 425 nondum
694 362 1005 422 exfisterent.
1100 366 1279 433 Habet
1303 367 1465 441 igitur

20 453 286 509 'limitatio
324 469 499 505 rerum
526 451 963 524 dependentium,
1005 446 1127 505 licet
1153 446 1217 506 fit
1245 442 1466 504 neceffa-

43 540 136 593 ria,
179 537 437 590 rationem
457 573 470 593 ,
493 552 518 589 a
538 551 726 592 mutua
753 533 1115 607 dependentiae
1141 536 1192 588 in
1217 526 1466 606 systema-

4 635 11 657 *
39 621 148 675 tico
178 636 349 687 nexu,
392 614 794 673 coordinatione
815 612 1128 691 profefiham.
1181 619 1257 672 At
1276 613 1369 673 alia
1388 631 1467 671 ra·

19 703 117 760 *tio
146 696 219 758 est
241 703 405 765 entiS,
450 701 598 775 quod
632 718 659 755 a
687 697 839 756 nullo
864 699 1155 772 dependet,
1202 695 1309 754 fine
1330 697 1384 755 id
1406 711 1468 754 vt

19 782 278 862 *possibile
299 826 312 848 ‚
341 781 448 842 siue
476 801 536 840 vt
560 778 797 840 exsistens
841 783 1163 855 perpendas;
1205 778 1337 851 nihil
1363 775 1467 844 est,

19 860 188 945 [quod
227 866 421 924 limites
471 871 727 941 requirat,
769 863 1230 941 neceffitatemque
1271 865 1316 920 ei
1365 866 1468 919 irn-

37 969 204 1029 ponat
227 961 495 1008 certorum
515 945 851 1025 perfefflonis
881 952 1168 1027 graduum.
1208 946 1345 1004 Non
1370 949 1466 1024 igi-

37 1032 125 1096 tur
150 1035 342 1093 limites
364 1038 417 1090 in
447 1052 511 1090 eo
536 1030 664 1111 fingi
682 1029 897 1090 debent.
938 1034 997 1089 In
1023 1051 1088 1088 eo
1105 1034 1265 1111 igitur
1286 1046 1471 1087 emen·

37 1122 192 1176 datur
221 1116 493 1176 ordinariae
518 1113 868 1193 philosophiae
890 1118 1244 1173 ratiocinium.
1315 1113 1465 1171 Nam

38 1200 290 1260 haetenus
322 1205 396 1258 ita‘
435 1200 551 1260 sunt
587 1196 981 1277 philosophati:
1041 1197 1137 1264 vbi
1163 1199 1300 1255 nulla
1322 1198 1469 1254 limi-

33 1304 151 1344 tum
176 1292 233 1342 in
261 1288 420 1346 DEO
444 1286 605 1360 cauffia
630 1284 845 1357 efficiens
871 1308 888 1339 .-
933 1280 1007 1339 ibi
1019 1278 1150 1356 sunt
1175 1284 1301 1338 nulli
1324 1284 1470 1338 limi-

8 1371 17 1401 ·’
34 1387 102 1427 tes
127 1394 145 1425 .·
182 1373 349 1447 atqui.
407 1367 470 1425 E.
494 1363 755 1426 Instantiae
781 1367 1014 1424 obnoxia
1036 1383 1143 1424 erat
1172 1362 1468 1443 proposltio

35 1457 237 1521 maior,
278 1451 364 1510 sed
385 1447 570 1509 nostro
590 1470 740 1508 more
768 1455 1047 1508 emendata
1073 1449 1203 1507 nulli
1231 1451 1467 1506 obnoxia

35 1535 108 1594 est
138 1536 385 1612 exemplo
415 1539 697 1593 contrario.
757 1532 863 1590 Vbi
883 1536 1019 1589 nulla
1042 1533 1278 1588 limitum
1304 1537 1467 1597 ratio,

33 1619 107 1678 ibi
131 1623 248 1676 taleas
271 1616 500 1694 exsistere
525 1616 1034 1696 nonfingendisunt:
1077 1618 1223 1693 atqui
1241 1617 1294 1671 in
1319 1615 1469 1672 Deo-

33 1705 95 1778 Ε.
124 1702 280 1761 Nihil
301 1701 389 1761 hic
427 1696 601 1779 potest
633 1697 863 1759 obuerti.
948 1702 1113 1758 Priori
1141 1716 1465 1777 argumento

34 1789 438 1852 occurrebatur,
489 1806 580 1841 nec
614 1789 753 1842 DEI
777 1799 1027 1841 naturam
1057 1787 1275 1859 cauffizm
1314 1803 1466 1862 agno-

24 1873 167 1949 scere
193 1871 492 1947 efficientem
508 1907 523 1935 ,
554 1888 645 1924 nee
667 1870 926 1925 aufforem
951 1864 1135 1923 habere
1161 1886 1341 1922 rerum
1355 1884 1476 1943 pos-

23 1955 253 2033 sibilium
282 1954 610 2030 nondumque
636 1950 975 2031 exsistentium
997 1953 1203 2007 limites.
1255 1945 1467 2007 Nostro

31 2058 210 2099 autem
250 2041 525 2097 ratiocinio
553 2036 654 2094 tale
693 2038 819 2112 quid
853 2037 1164 2112 exprobrare
1190 2053 1302 2089 non
1326 2032 1467 2091 licet.

32 2123 153 2181 Nec
179 2129 318 2180 enirn
349 2120 433 2178 vel
457 2117 557 2196 ipsa
587 2118 715 2176 DEI
743 2120 946 2195 effinria
983 2115 1088 2175 fine
1113 2120 1314 2173 ratione
1336 2112 1468 2173 exfi-

30 2203 118 2266 stit
134 2250 149 2272 ,
190 2205 350 2263 habet
382 2208 639 2261 rationem
665 2206 715 2258 in
744 2201 790 2259 se
817 2199 915 2277 ipsa
933 2244 947 2267 ,
968 2206 1222 2277 quoniam
1239 2195 1311 2257 est
1329 2200 1463 2273 ase3

32 2291 154 2349 licet
174 2285 389 2349 caussam
422 2281 734 2345 efficientem
761 2305 871 2342 non
899 2284 1126 2341 habeat:
1178 2303 1273 2340 nec
1307 2287 1466 2339 etiam

19 2373 226 2448 ,limites
254 2391 428 2432 rerum
448 2411 463 2436 ‚
512 2372 760 2428 nondum
791 2363 1078 2426 exsistentia
1113 2369 1430 2425 donatarum
1453 2409 1467 2431 ,

32 2461 227 2536 absque
261 2461 462 2516 ratione
494 2454 802 2534 finguntur,
871 2471 993 2508 cum
1028 2471 1214 2509 eorum
1243 2454 1374 2507 ratio
1402 2456 1466 2507 e'x

36 2544 381 2619 dependentia
405 2535 538 2598 fluat
554 2557 684 2615 ,qua
706 2533 797 2602 fit,
831 2554 890 2592 vt
915 2540 965 2592 in
991 2531 1266 2612 systemate
1291 2553 1467 2592 rerum

35 2622 266 2702 plotium
298 2624 638 2684 creandarum
661 2664 675 2686 ,
726 2636 1047 2680 creatarum,
1102 2618 1258 2675 altera
1289 2615 1467 2674 subin-

37 2709 102 2766 de
125 2708 337 2768 alteram
368 2707 579 2764 limitet.
662 2708 783 2763 Imo
819 2723 949 2760 vero
983 2703 1242 2779 quidquid
1269 2702 1463 2777 depen-

37 2795 164 2849 dens
189 2782 290 2858 est.
331 2792 622 2849 limitatum
659 2789 815 2846 creari
848 2789 1040 2853 debet,
1076 2785 1224 2842 aliter
1257 2804 1349 2841 ens
1385 2788 1470 2839 in-

37 2875 336 2953 dependens
351 2877 637 2939 cenderet,
667 2871 817 2951 quod
840 2865 1004 2929 semet
1019 2864 1248 2948 perfefte
1272 2884 1462 2941 aequat,

697 2956 754 3014 K
800 2974 826 3030 3
1301 2970 1458 3027 eoqm’
