1802 3230
312 99 427 165 148
725 88 889 150 Seelio
913 89 1007 152 III.
1049 90 1239 174 capitis
1264 96 1317 156 1.4

309 194 503 251 diuinae
526 190 848 254 excellentiae
877 196 1127 256 omnium
1163 197 1315 274 ‘piane
1338 199 1603 282 graduum
1626 197 1748 279 sunt

307 293 546 354 expertes
562 317 576 339 ‚
598 277 650 332 id
677 269 776 340 est,
804 274 1044 334 infinitae.
1135 283 1381 342 Arbitror
1406 289 1474 344 ita
1502 284 1749 368 intelligi,

303 378 502 437 quanta
526 357 590 416 sit
613 363 665 415 in
680 357 779 416 hac
800 360 1037 420 dostrina
1052 366 1285 441 principii
1310 364 1440 447 saepe
1457 373 1748 432 memorati

303 441 606 506 necemus,
633 461 826 517 quanta
854 444 1068 503 vtilitaS.
1097 450 1298 525 (199)
1340 445 1344 447 ’

337 545 360 600 (
381 541 503 599 ¹99)
538 536 741 598 Confer,
782 556 876 603 quae
900 540 950 586 in
976 539 1093 588 hanc
1125 557 1221 591 rem
1244 542 1449 593 discurrit
1473 548 1540 597 ill.
1559 549 1745 611 Bilfing.

364 603 511 659 dilue.
537 601 576 664 §.
592 613 705 662 408.
737 607 782 652 &
805 604 947 652 statue
960 619 1135 672 tecum,
1166 622 1384 670 quantum
1405 611 1746 661 indesumserirn

368 681 536 716 mutuo
559 699 575 726 ‚
618 682 698 716 aut
730 682 949 732 quantum
981 670 1094 718 lucis
1115 671 1287 723 ibidem
1310 673 1445 723 dietis
1476 675 1744 736 affuderim,

367 745 449 781 aut
467 747 568 782 non
586 732 857 782 affuderim?

870 849 926 913 §.
997 865 1131 924 123.

23 1002 242 1046 occurri·
433 947 629 1013 Forsan
661 951 846 1012 eadem
889 974 991 1013 nos
1012 974 1259 1018 autumas
1290 955 1601 1018 difficultate
1623 977 1744 1037 pre-

26 1072 105 1113 mr
119 1064 270 1113 dubio.
299 1042 375 1098 mi
399 1081 415 1105 ‚
470 1058 632 1114 quam
677 1039 889 1097 obuerti
923 1039 1063 1116 posse
1108 1042 1382 1099 ordinariis
1410 1049 1742 1124 argumentis

296 1125 549 1184 diximus·
612 1122 765 1178 Nam
772 1125 825 1198 st
846 1134 937 1200 qui
956 1126 1144 1182 limites
1171 1130 1229 1182 in
1261 1130 1420 1184 DEO
1448 1131 1744 1206 neceffim'os

279 1210 560 1286 statuant,
593 1226 675 1263 eos
714 1223 1024 1285 negaturos,
1064 1212 1202 1287 quod
1226 1214 1448 1268 vlterior
1482 1217 1624 1271 ratio
1655 1234 1743 1271 rc-

294 1296 575 1350 auiratur:
616 1292 869 1369 quicqmssd
884 1296 1027 1350 enim
1053 1295 1386 1372 neceffizrium
1405 1293 1510 1371 est,
1551 1295 1742 1354 habere

323 1381 550 1435 ationem
565 1369 686 1448 sui,
728 1378 786 1430 in
814 1375 989 1451 fimet
1020 1379 1139 1455 ipfh.
1222 1376 1440 1450 Adde,
1480 1402 1568 1438 nos
1608 1384 1742 1461 ipfhs

311 1463 507 1540 ίὶκζῇἑ,
559 1460 955 1531 limitesrerum
978 1458 1280 1540 poffibilium
1299 1466 1594 1542 neceffizrios
1619 1469 1742 1543 ff:

299 1570 391 1606 aon
400 1547 530 1625 P⁰ffi³
549 1549 687 1600 em'm
708 1544 940 1619 infinitas
959 1551 1161 1611 creari,
1193 1567 1285 1604 nec
1303 1558 1482 1606 tamen
1498 1554 1738 1632 agnosce-

288 1651 346 1689 re
382 1632 491 1686 illos
511 1630 698 1686 limites
724 1628 1008 1687 aufforem.
1072 1631 1177 1688 Sed
1211 1651 1324 1690 non
1361 1628 1433 1692 est
1467 1633 1737 1711 responsio

290 1714 534 1775 difficilis.
613 1712 726 1791 Qi
756 1712 951 1771 limites
976 1717 1028 1772 in
1055 1714 1185 1771 Deo
1211 1713 1513 1775 necessarios
1540 1720 1732 1778 docet:

292 1817 420 1859 eum
439 1813 659 1874 oportet
676 1795 985 1863 monstrare,
1030 1797 1183 1876 quod
1197 1843 1213 1868 ‚
1242 1797 1278 1857 Γ]
1296 1804 1521 1862 virtutes
1535 1806 1731 1864 diuinae

288 1882 534 1944 cancellis
556 1877 712 1939 essent
726 1878 886 1939 nullis
901 1880 1305 1960 circumscriptae
1317 1927 1331 1950 ‚
1356 1889 1583 1944 orirerur
1597 1909 1736 1946 con·-

287 1965 552 2028 tradifflo.
617 1968 784 2041 Atqui
801 1970 1032 2024 nemoid
1055 1962 1383 2026 ostenderit:
1417 1966 1550 2028 falso
1570 1976 1747 2052 igitur(

284 2050 583 2112 inculcatur
620 2049 854 2110 limitum
891 2054 947 2109 in
987 2050 1158 2110 DEO
1192 2051 1478 2112 neceffitas.
1509 2055 1734 2132 (200)

284 2137 505 2197 Deinde
529 2152 738 2200 rerum,
764 2154 887 2213 quae
919 2155 1197 2212 nunquam
1222 2157 1281 2194 ex
1298 2137 1623 2214 possibilium
1648 2163 1732 2200 re-

284 2225 449 2303 gione
463 2219 779 2297 prodibunt,
803 2217 924 2278 sunt
947 2218 1200 2277 neceffarii
1215 2221 1436 2290 limiteS,
1461 2228 1732 2304 iidemque

285 2302 511 2364 eauffam
537 2303 855 2361 efficientem
883 2302 1159 2382 poscentes
1179 2306 1381 2362 nullam
1397 2351 1411 2372 ,
1452 2306 1539 2368 sed
1564 2316 1730 2368 ratio-

283 2410 353 2449 ne
372 2406 552 2448 tamen
580 2406 719 2445 certa
743 2391 867 2447 nixi.
950 2389 1092 2465 Quae
1122 2394 1265 2448 enim
1284 2395 1418 2449 ratio
1442 2390 1547 2461 est,
1582 2413 1645 2453 vt
1662 2389 1726 2454 ‘in
1800 2391 1802 2394 ⁸

282 2468 649 2532 exsistentibus
677 2492 731 2530 v.
761 2492 815 2551 g.
856 2470 1087 2531 celeritas
1113 2492 1398 2533 motorum
1429 2498 1723 2555 corporum
1800 2538 1802 2555 2

279 2559 543 2617 limitetur
560 2559 815 2635 grauitate
834 2560 901 2613 ita
918 2596 933 2620 ,
975 2576 1037 2616 vt
1052 2576 1314 2634 quantum
1330 2559 1456 2619 huic
1477 2565 1688 2623 decedit
1709 2608 1726 2634 ,
1800 2581 1802 2586 ·

280 2659 496 2715 tantum
518 2643 732 2698 accedat
759 2640 898 2700 illius
931 2635 987 2697 ἃ
1013 2641 1233 2703 viciffim
1261 2664 1276 2699 ε
1324 2661 1382 2702 ea
1406 2650 1562 2704 etiam
1587 2654 1725 2707 ratio

275 2723 383 2785 fuit
404 2733 458 2784 in
481 2742 674 2783 aeterna
690 2722 1013 2800 possibilium
1037 2731 1285 2806 regione,
1325 2747 1388 2786 vt
1413 2728 1616 2808 semper
1642 2754 1725 2792 re..

272 2828 439 2878 rum,
477 2804 770 2886 insystema
785 2808 1143 2878 redatiarum,
1178 2812 1727 2878 alteraalteramlimi·

1560 2919 1719 2973 taret,
