1802 3230
503 115 592 170 De
630 105 851 167 homine.
1292 73 1410 186 249

33 215 185 294 (322)
212 218 424 271 Aduertit
444 219 712 276 Leibnitius‚
747 215 875 280 omni
897 210 1165 265 substantiae,
1201 227 1294 274 quae
1314 230 1417 263 non

18 281 39 324 5¹⁴
58 292 139 342 effe
159 285 326 354 potest,
355 281 437 331 nisi
449 281 630 344 simplex
650 314 664 338 ‚
700 282 790 326 vim
807 277 1091 325 tribuendam
1112 275 1293 338 agendi.
1317 280 1410 327 vid,

60 357 167 405 ieta
183 349 345 400 erudit.
362 347 420 394 ad
447 363 554 394 ann.
573 351 709 406 1698.
746 360 789 407 p.
809 361 918 402 439.
952 359 1048 389 cum
1080 341 1159 394 id,
1191 341 1309 401 quod
1325 360 1415 390 non

51 412 187 485 figit,
219 415 336 476 quod
365 418 423 458 vi
456 413 607 458 aestiua
639 422 760 457 caset
777 441 794 463 ,
828 408 944 470 quod
973 404 1420 468 distrimt‘nibilitate,

62 484 178 546 quod
203 481 386 538 denique
416 481 536 521 omni
555 473 810 537 fiaebfist'endz'
837 476 1012 518 ratione
1045 486 1098 515 ac
1119 467 1422 528 fundamento

17 536 294 614 ⁴‘'4'ffitilt‘atttr,
316 539 573 604 stcbstantia
595 541 664 602 effe
688 536 802 582 nullo
822 537 946 582 modo
964 532 1098 595 pofflt.
1155 534 1223 577 Ita
1246 548 1430 596 quoque

59 610 195 662 sentit
219 602 383 653 Wolf.
412 602 611 665 metaph.
645 600 684 662 §.
713 615 814 656 115.
840 617 882 660 p.
899 615 977 657 49.
1015 598 1084 643 ed.
1108 596 1241 658 prim.
1306 600 1429 644 Cane

30 720 34 732 λ
58 673 245 724 interim
267 668 447 725 credas,
479 666 702 712 elementa
727 677 874 709 rerum
898 661 980 707 effe
1007 674 1190 706 atomos
1207 691 1220 716 ‚
1254 659 1427 723 figura,

0 746 1 767 ²
40 739 170 795 ficu,
202 732 515 796 magnitudine
539 727 760 793 praeditaS.
822 730 991 773 Forcnt
1019 726 1139 769 enim
1173 726 1429 771 materiales

17 835 19 838 -
60 798 315 868 particulae:
349 810 538 855 cumque
571 792 757 839 materia
790 791 941 837 omnis
974 787 1234 847 recipiendis
1256 819 1271 845 ,
1326 805 1426 836 non

23 889 27 893 ·
62 863 266 920 edendis,
298 861 501 908 motibus
534 870 639 919 apta
670 854 721 900 fit
747 887 763 912 ,
809 854 1010 899 exularet
1031 853 1135 898 hinc
1176 852 1239 897 vis
1262 853 1427 915 agendi

60 929 230 979 omnis.
295 926 556 972 Materiales
588 935 654 965 res
681 919 976 978 phaenomena
1010 915 1110 962 sunt
1130 949 1147 969 ,
1204 914 1276 960 sed
1311 916 1426 962 bene

51 995 278 1063 fundata.
326 986 413 1035 vid.
440 984 637 1031 Recueil.
659 985 715 1029 T.
745 987 802 1030 Π.
837 998 880 1045 p.
913 998 1017 1041 133·
1089 985 1164 1026 Les
1175 979 1428 1042 ficbstances

55 1059 225 1126 fimples
237 1052 342 1117 fimt
372 1054 429 1097 les
450 1049 587 1111 ſsules
608 1049 850 1094 veritables
864 1046 1112 1109 fitbstances
1123 1078 1138 1100 ,
1168 1041 1224 1099 (J
1242 1047 1299 1090 les
1324 1046 1425 1092 cho-

50 1122 122 1187 sis
141 1114 422 1169 materielles‚
454 1133 506 1160 ne
526 1114 632 1177 fimt
662 1129 739 1173 que
771 1113 841 1157 des
856 1111 1163 1173 phenomenes,
1200 1112 1310 1154 mais
1327 1109 1428 1157 bien

51 1185 231 1252 fondez
255 1177 313 1234 θ’
337 1179 436 1226 bien
459 1182 565 1225 liez.
634 1181 746 1222 Non
774 1174 833 1221 est
856 1176 1017 1236 igitur,
1044 1175 1087 1238 fi
1106 1187 1316 1236 corpora,
1350 1179 1431 1221 ‘vti

63 1252 248 1306 colores,
278 1241 704 1306 phaenomenafhnt,
734 1256 812 1285 cur
840 1239 962 1285 dicas
986 1255 997 1284 ε
1036 1238 1244 1298 quomodo
1275 1254 1330 1282 ex
1363 1254 1427 1293 eo,

64 1312 180 1367 quod
201 1309 256 1372 est
277 1311 629 1361 non-materia,
663 1310 776 1350 coire
792 1302 926 1365 potest
946 1306 1141 1349 materia
1159 1304 1184 1347 ?
1208 1300 1330 1365 Qid
1354 1316 1430 1346 re-

62 1373 303 1439 sponderes
338 1371 375 1414 ei
398 1403 413 1428 ,
459 1370 533 1433 qui
556 1368 610 1414 de
633 1368 818 1413 oraculo
839 1365 981 1412 Iudic.
1013 1367 1093 1410 IX.
1114 1381 1187 1424 37.
1221 1363 1432 1413 disserens

65 1451 279 1504 quaeretet
306 1453 317 1482 :
352 1453 416 1482 an
437 1453 491 1481 ex
515 1432 733 1480 militibm
753 1432 918 1478 vmbra
935 1431 1034 1489 fieri
1044 1424 1187 1491 Jmtest
1207 1430 1231 1475 ἒ

30 1520 160 1584 (323
180 1520 204 1581 )
236 1519 405 1566 Anima
433 1532 510 1582 per
533 1515 793 1563 doctrinam
817 1513 1012 1559 influxus
1036 1512 1204 1558 vexillo
1225 1512 1426 1559 Baeliano

64 1601 166 1635 non
213 1581 424 1630 abfimilis
467 1579 633 1627 euadit.
707 1575 1106 1641 Qernadmodum
1153 1590 1311 1623 ventus
1351 1576 1431 1623 suo

65 1648 224 1697 afflatu
245 1647 367 1694 vltro
394 1647 600 1708 citroque
624 1644 760 1688 vertit
780 1640 969 1705 fignurn,
989 1639 1208 1688 altissimis
1238 1640 1435 1686 turribus

48 1711 325 1774 *impositum
351 1727 362 1755 ε
413 1712 478 1756 ita
512 1723 665 1755 motus
695 1707 903 1768 corporei
926 1719 1002 1766 per
1026 1720 1198 1767 organa
1231 1703 1432 1752 sensuum

67 1774 242 1840 phyfice
272 1777 469 1821 animam
502 1771 731 1827 afficiunt,
764 1772 857 1816 iam
887 1770 943 1816 ad
980 1769 1087 1825 hm,
1119 1770 1210 1816 iam
1234 1769 1344 1814 alias
1363 1784 1434 1814 res

62 1838 409 1890 considerandas
436 1839 697 1883 excitatum.
771 1834 1083 1892 Sci0‚alteram
1098 1847 1270 1894 partem
1281 1832 1434 1879 adtin-

14 1915 20 1921 ‘
67 1921 177 1954 num
190 1904 374 1959 animae,
405 1903 557 1963 quaein
582 1899 730 1945 liberis
743 1898 1019 1961 adpetitibus
1043 1911 1299 1959 ponuntur,
1334 1912 1435 1943 non

68 1969 258 2016 deriuari
280 1966 336 2012 ab
358 1966 532 2011 influxu
547 1963 750 2025 corporis
765 1994 779 2018 ,
813 1978 871 2008 ne
889 1960 1063 2024 prorsus
1080 1960 1250 2024 pafflua
1270 1960 1435 2008 redda-

66 2046 142 2081 tut
166 2031 318 2078 anima
340 2047 354 2085 3
400 2028 471 2076 sed
491 2045 592 2075 cum
618 2030 662 2073 &
686 2025 910 2088 adpetitus
930 2025 1058 2072 liberi
1079 2022 1316 2070 occasione
1337 2023 1439 2070 sen-

66 2096 244 2144 fionum
267 2095 470 2140 oriantur
496 2124 510 2150 ,
562 2091 708 2137 facilis
742 2090 880 2135 videri
916 2089 1062 2151 potest
1088 2104 1114 2134 a
1137 2086 1437 2135 sensationum

67 2156 325 2209 necessitate
347 2192 361 2217 ,
397 2158 454 2204 ad
479 2156 641 2204 horum
663 2151 968 2200 necestitatem
986 2150 1220 2205 transitus:
1251 2152 1436 2216 perinde

66 2240 120 2273 ac
143 2223 173 2271 fi
201 2223 297 2286 quis
320 2220 584 2269 causs'atetur
608 2236 619 2264 :
656 2217 870 2264 vexillum
900 2218 949 2262 in
969 2213 1230 2280 quibusdam
1251 2212 1452 2280 quidem'

67 2285 381 2336 occasionibus
399 2302 425 2332 a
452 2298 592 2331 vento
622 2283 708 2329 huc
733 2283 778 2328 δε
798 2280 906 2326 illuc
931 2281 1051 2342 rapi,
1097 2281 1146 2325 in
1167 2281 1434 2335 ceteris-Vau-

8 2375 11 2380 2
40 2359 168 2407 gtem
182 2349 288 2397 fetri
305 2347 397 2397 hac
415 2349 519 2396 illac
542 2345 613 2394 sua
638 2346 821 2408 sponte,
848 2342 1144 2408 fifingamuS,
1181 2344 1434 2407 quodcon-

9 2416 11 2418 ’
68 2415 248 2465 scientia
271 2412 334 2461 sui
361 2413 595 2477 praeditum
620 2410 691 2458 fit.
785 2411 789 2413 ’
1220 2443 1227 2460 ,

39 2483 195 2543 (324)
226 2478 317 2524 vid
338 2476 446 2541 resp.
475 2475 646 2524 Clarkii
663 2473 721 2521 ad
742 2470 914 2521 collini
936 2470 1194 2519 recherches
1212 2470 1282 2520 sur
1302 2472 1347 2520 la
1371 2472 1432 2520 li-

70 2543 196 2592 berte
215 2542 413 2589 Recueil.
434 2544 540 2587 T.1.
566 2557 609 2602 p.
628 2541 734 2601 386.

14 2605 25 2642 Γ
41 2611 64 2666 (
79 2613 196 2669 3²5)
230 2609 307 2653 An
329 2607 552 2653 elementa
574 2602 660 2650 fint
690 2604 732 2652 vi
755 2600 916 2666 agendi
932 2599 1113 2663 praedita
1127 2632 1143 2658 ‚
1174 2614 1275 2646 non
1293 2597 1434 2647 hodie

71 2672 252 2720 demum
274 2668 545 2733 disquisitum
570 2666 674 2715 fuit.
745 2669 908 2714 Cicero
930 2665 985 2712 de
1001 2678 1160 2712 natura
1171 2666 1315 2710 Deor.
1327 2666 1377 2709 L.
1391 2667 1430 2712 1.

71 2752 117 2800 p.
152 2745 256 2791 ¹80·
322 2737 621 2788 Democritus,
654 2730 746 2789 ait,
779 2729 931 2792 ccnstt,
950 2733 1166 2794 imagines
1184 2728 1432 2775 diuinitate

63 2801 269 2869 ‘praelitas
291 2798 414 2866 ineffe
438 2796 727 2862 vniuerfitati
746 2810 923 2844 rerum:
954 2806 1050 2844 tum
1062 2797 1290 2858 principia
1308 2807 1432 2837 men-

726 2860 831 2929 Q}
1287 2862 1432 2923 sesque·
