1802 3230
332 138 413 189 (ο
638 135 761 209 Cap.
778 117 885 189 ‘HL
949 132 1033 187 De
1055 125 1265 215 augusta
1281 127 1471 210 grati}

334 245 423 299 tiae
449 249 485 309 ,'
518 237 627 299 siue
668 256 868 299 naturae
893 285 908 310 ,
966 244 1246 320 imperium
1288 241 1532 321 capeffere
1569 247 1763 309 dicitut

333 325 501 386 Rom.
536 328 632 385 VI.
669 345 762 384 12.
800 343 894 401 14.
936 345 1055 403 quae
1091 325 1364 387 vistoriam
1405 327 1535 404 saepe
1577 350 1771 409 repon:

333 410 532 476 tande,
582 405 650 466 fic
694 404 918 466 faciendi
967 416 1290 486 pronitatem
1337 408 1614 473 consecuta
1666 413 1760 487 est.

332 494 507 551 Vnica
534 491 752 553 vieloria
771 491 980 550 alterius
1009 501 1205 572 partiS,
1236 495 1622 572 impulsusque,
1666 500 1759 556 ἀο-

330 577 592 634 bilitatem
617 577 826 635 alterius
853 598 966 635 non
990 581 1217 648 indicat,
1259 578 1294 638 fi
1320 582 1384 637 de
1416 578 1630 640 vifiloria
1657 573 1757 639 do?-

327 659 415 718 lor
440 656 641 718 exsistat
665 702 682 729 ,
729 665 1001 737 maiorque
1044 682 1269 722 conatus
1303 661 1470 724 amissa
1496 684 1762 744 compen·

329 741 486 806 sandi.
552 747 655 802 Sed
682 765 778 802 nec
809 751 988 825 gratiae
1010 747 1225 807 vffiloria
1259 768 1360 805 vna
1386 749 1641 815 alteraue‚
1677 770 1758 809 te-

331 830 529 887 deunte
585 834 846 887 continuo
900 836 1140 907 grauiore
1193 827 1481 892 affe-fluum
1522 838 1758 911 impetu,

326 916 610 990 imperium
641 917 795 972 animi
829 917 1049 990 probat,
1090 914 1268 994 pulsus
1305 919 1556 976 duntaxat
1583 923 1758 999 arguit

325 999 551 1074 Spiritus
569 1000 622 1053 S.
653 1000 950 1070 exteriores,
975 1003 1115 1078 (94)
1172 1003 1274 1062 Sic,
1301 1002 1532 1063 afflones
1557 1023 1621 1060 ex
1644 1006 1756 1060 ani·

273 1081 276 1084 ’
324 1087 406 1140 mi
434 1079 661 1159 impulsu
692 1077 1032 1149 aestimand0‚
1076 1081 1363 1146 distinffius
1382 1086 1561 1143 multo
1577 1085 1758 1161 philo-

323 1165 717 1306 sophatislicet,
762 1163 934 1225 vel&
977 1173 1227 1247 θεολογῶν
1261 1213 1276 1238 ,
1345 1189 1506 1250 quam
1529 1161 1649 1229 alia's
1677 1167 1755 1229 fa·

280 1254 286 1263 '
322 1250 502 1313 &itare
554 1251 720 1308 olent.

352 1367 481 1424 (94)
512 1366 626 1409 Non
647 1361 857 1425 intelligo
882 1362 973 1411 h.l.
990 1360 1132 1425 pulsus
1146 1393 1160 1419 ‚
1181 1361 1342 1425 quibus
1363 1362 1589 1410 obludhri
1611 1362 1758 1411 homo

385 1443 485 1475 non
506 1425 664 1490 posset.
727 1428 849 1473 Licet
870 1444 968 1474 eam
989 1427 1255 1487 opinionem
1268 1427 1318 1474 in
1331 1425 1555 1474 ecclefiam
1568 1428 1757 1474 inuexe-

383 1493 446 1540 rit
458 1491 727 1554 Augustinus
748 1494 932 1553 primus.
998 1489 1131 1537 Haud
1154 1507 1262 1538 vero
1277 1493 1582 1554 thottinger
1599 1492 1754 1540 histor.

384 1555 441 1603 de
464 1557 609 1616 gratia
628 1560 671 1603 &
684 1555 976 1617 praedestinat.
990 1572 1033 1611 p.
1051 1565 1123 1610 28.
1143 1569 1175 1601 t.
1190 1559 1225 1602 Ι.
1258 1557 1432 1604 PauluS.
1467 1555 1756 1603 Memorabi-

382 1620 427 1666 le
451 1620 536 1676 est,
560 1621 681 1684 quod
696 1621 896 1667 Sarauius
921 1619 1095 1681 epistol.
1116 1619 1174 1666 ad
1186 1620 1370 1668 Salmas,
1388 1638 1430 1682 p.
1449 1637 1467 1675 ι
1476 1625 1552 1680 96.
1571 1621 1756 1682 prodit:

366 1678 564 1737 'Iesuitas
587 1685 734 1745 palam
759 1701 842 1746 prae
865 1683 1030 1732 seferre
1046 1716 1059 1740 ,
1084 1684 1208 1746 quod
1219 1684 1488 1747 Augustinus
1507 1701 1605 1731 non
1618 1682 1668 1731 fit
1680 1701 1756 1731 re-

382 1750 489 1812 gula
505 1748 622 1795 fidei.
687 1751 816 1794 Pater
828 1748 1046 1806 Adamus,
1057 1748 1164 1794 teste
1177 1749 1337 1795 eodem
1352 1756 1404 1795 in
1415 1749 1650 1811 defienfione
1658 1753 1756 1797 Au-

375 1813 547 1879 gustini
566 1830 606 1874 p.
627 1831 699 1871 24.
733 1813 850 1859 haud
876 1813 1060 1860 obscure
1084 1829 1167 1874 prae
1192 1812 1233 1858 se
1257 1813 1400 1859 tulisse
1423 1812 1608 1871 dicitur,
1632 1814 1756 1877 quod

381 1878 571 1928 Gabriel
584 1893 608 1922 a
622 1891 779 1944 ρος,
799 1893 822 1922 e
842 1876 932 1924 soc.
946 1876 1037 1924 Iesu
1051 1875 1155 1939 saepe
1170 1879 1412 1939 optauerit,
1425 1892 1473 1924 vt
1484 1878 1756 1949 Augustinus

383 1941 441 1988 de
456 1943 600 2003 gratia
612 1958 841 2003 nunquam
854 1941 1090 2004 scripsisset.
1152 1942 1309 1987 Paulus
1319 1941 1607 1988 Leonhardus
1620 1948 1671 1989 in
1684 1962 1757 1989 re-

278 2005 281 2007 ’
373 2006 519 2074 spons.
534 2007 600 2052 ad
611 2006 969 2070 expostulationes
985 2019 1139 2054 contra
1144 2005 1379 2068 scientiam
1391 2008 1587 2054 mediam
1598 2024 1639 2070 p.
1651 2024 1667 2054 ι
1685 2023 1757 2068 17.

387 2087 438 2119 1¹
453 2079 494 2124 8.
522 2072 717 2132 queritur
739 2102 753 2125 ‚
788 2070 911 2132 quod
927 2071 1197 2131 Augustinus
1217 2102 1231 2128 ‚
1263 2070 1382 2117 stans
1403 2073 1452 2117 in
1473 2072 1567 2117 acie
1590 2074 1770 2119 contra'

383 2135 690 2190 Manichaeos‚
712 2136 760 2181 in
785 2149 953 2180 errores
967 2135 1140 2198 Pelagii*
1155 2151 1325 2196 pronus
1349 2134 1517 2189 fuerit5
1551 2135 1755 2181 militans

382 2212 534 2247 autem
570 2212 732 2244 contra
751 2199 1013 2258 Pelagianos
1047 2216 1187 2261 prope
1208 2215 1234 2245 a
1251 2199 1518 2246 Manichaeis·
1537 2198 1751 2248 abfuerit.

383 2267 498 2309 Sunt
518 2266 562 2309 &
581 2265 701 2308 inter
723 2263 1019 2325 protestantes
1044 2264 1248 2325 plurimi,
1270 2265 1345 2327 qui
1363 2279 1461 2310 non
1475 2262 1751 2323 inficiantur,

381 2326 498 2375 iusto
525 2326 786 2388 rigidiorem
809 2327 890 2373 esse
912 2328 1147 2390 Augustini
1170 2329 1218 2374 in
1241 2327 1331 2373 hoc
1353 2327 1546 2374 articulo
1571 2327 1753 2375 senten-

383 2391 512 2436 tiam.
571 2394 642 2435 Ne
656 2390 799 2438 dicam
816 2392 869 2438 de
882 2394 1212 2439 commentario
1226 2390 1478 2454 philosoph.
1493 2395 1539 2439 P.
1554 2395 1630 2440 111.
1643 2409 1687 2453 p.
1700 2410 1748 2452 4.

385 2469 469 2503 nec
504 2453 559 2500 de
582 2453 861 2502 bibliotheca
885 2454 1114 2502 vniuersali
1136 2460 1191 2503 T.
1212 2458 1336 2502 XIV.
1361 2473 1407 2518 p.
1430 2467 1536 2516 287,
1611 2459 1751 2520 Rogo

384 2531 566 2567 tantum
591 2517 862 2567 beneuolum
883 2520 1100 2567 lecstorem
1115 2555 1132 2580 ,
1152 2535 1199 2567 vt
1220 2521 1344 2583 legat
1358 2521 1575 2568 Dallaeum
1599 2520 1654 2567 de
1675 2519 1749 2570 vsu

382 2594 561 2644 patrum
588 2599 630 2644 p.
650 2599 664 2629 ι
681 2600 752 2644 53.
779 2585 855 2630 vbi
877 2583 1126 2644 accusatur,
1151 2585 1274 2648 quod
1301 2600 1429 2632 more
1452 2583 1750 2650 philosopho-n

380 2661 482 2698 rum
496 2647 693 2698 academ.
706 2647 953 2700 flud'tuante
964 2648 1176 2714 plurimas
1184 2663 1257 2698 *res
1273 2648 1549 2700 traaauerit.

1565 2859 1616 2932 §.
1644 2851 1741 2934 484
