1802 3230
367 95 373 99 ·
453 137 540 193 De
568 135 676 215 lege
700 133 909 194 diuina.
1236 134 1398 212 463

35 194 212 309 libus;
249 255 374 297 non
383 234 558 317 potest
576 242 813 298 animum
839 238 1107 295 aduertere
1127 236 1192 295 ad
1217 233 1404 316 specia-

57 341 188 382 unas
225 320 541 381 infimorum
583 326 781 384 ciuium
825 317 1100 380 familiares
1144 318 1405 387 astionest

50 427 104 464 m
130 405 333 467 summa
347 410 487 477 enim
506 403 646 464 rei&
661 406 869 483 publica
882 403 1103 464 vniuerfi
1118 425 1235 464 cura
1251 423 1406 467 corna¹

44 509 165 550 ratae
189 489 504 549 euanescunt
531 495 583 548 in
611 494 904 549 attentione
931 493 1203 566 principis,
1235 506 1297 551 vt
1320 494 1404 545 in-

23 581 119 652 -ite
140 593 304 653 parua
326 578 378 633 in
403 577 593 631 calculo
611 575 1005 650 infinitefinmli.r
1052 578 1238 647 (517)
1289 573 1407 643 Ne-

39 679 72 716 o
93 676 272 717 tamen
300 660 480 731 dixerit
501 698 514 723 ‚
561 657 670 716 illas
706 661 902 718 ciuium
925 654 1156 716 aarones
1188 659 1404 716 morali-

28 747 132 808 εἰς,
175 747 230 801 in
261 738 393 814 forq
423 740 590 800 saltim
625 745 837 807 diuino,
880 760 992 798 non
1032 760 1239 816 capaces
1278 740 1403 807 effe,

15 873 29 886 .
65 825 205 888 *citu
241 826 611 884 membrorum
649 829 873 884 ciuitatis
901 867 914 889 ‚
957 823 992 882 si
1026 845 1137 882 non
1169 823 1402 904 respefih

37 915 154 990 pitis
172 909 190 977 ’,
233 912 286 967 id
299 907 400 975 est,
440 914 590 989 regis,
668 916 745 968 At
766 907 940 966 similis
966 904 1036 966 est
1056 913 1186 967 ratio
1207 930 1402 987 corpo·

17 1016 42 1052 s
64 993 284 1052 humani
307 1015 320 1051 :
375 992 602 1053 a‘ffiones
628 994 1001 1051 membrorum
1032 992 1401 1070 minutissimas

13 1076 147 1136 ²Hor
167 1079 432 1153 corporiS,
469 1082 707 1156 animus,
758 1080 1019 1135 moderari
1052 1096 1242 1135 omnes
1283 1099 1399 1137 non

51 1156 179 1228 test',
210 1164 314 1238 “nee
352 1178 625 1237 tantopere
651 1164 1003 1219 attentionem
1036 1162 1296 1226 diuidere,
1332 1182 1399 1220 ne

37 1250 243 1304 iuuatur
277 1248 332 1302 in
383 1245 652 1305 astionum
698 1243 1110 1324 grauissimarum
1163 1244 1400 1304 summa:

33 1334 184 1402 terim
207 1327 329 1395 lieet
349 1348 420 1389 eae
442 1332 679 1391 minutiae
701 1332 882 1387 animo
908 1348 1021 1387 non
1046 1328 1398 1405 imputentur,

12 1417 198 1474 amitas
217 1431 396 1470 tamen
418 1454 432 1479 ,
477 1430 687 1470 tantum
711 1408 869 1476 abest,
910 1431 970 1470 vt
985 1413 1292 1472 moralitatis
1315 1434 1396 1473 ca-

11 1500 182 1555 acitati
200 1515 280 1554 eas
303 1494 596 1563 subtrahat,
638 1496 724 1556 vel
755 1498 1250 1557 determinationem
1275 1515 1400 1555 mo-

0 1581 131 1643 alem
153 1580 428 1656 impediat,
469 1596 732 1657 quantum
765 1577 931 1644 abest,
980 1599 1041 1638 vt
1073 1576 1399 1639 familiariffi-

0 1661 259 1724 naeinfimi
279 1683 336 1722 ex
355 1663 491 1724 ciuili
513 1683 734 1740 corpore
757 1666 983 1724 membri
1014 1660 1254 1723 astiones
1279 1685 1396 1724 non

0 1747 361 1813 ieterminatae,
401 1748 1093 1844 autincapaceemoralitatis
1112 1746 1231 1807 smt.
1260 1748 1398 1822 Quo

0 1828 232 1917 pecialius
261 1827 524 1889 descendit
548 1834 799 1908 principis
810 1833 1084 1908 prudentia
1111 1828 1216 1889 sine
1236 1833 1395 1890 detri-

0 1933 161 1974 nento
185 1918 531 1991 negotiorum
558 1914 931 1990 publicorum,
966 1917 1030 1973 ad
1047 1913 1396 1991 specialiffima

0 2003 171 2060 tinium
194 1994 356 2064 fasta,
394 2019 465 2056 eo
488 1995 809 2075 praestantior
849 1995 941 2057 est.
1014 1985 1317 2077 Qousque
1349 1995 1398 2057 se

0 2087 156 2154 peteris
176 2084 385 2159 paribus
413 2083 690 2140 demittere
707 2078 899 2158 potest,
915 2101 980 2139 eo
1010 2083 1395 2158 demitti-opot-

2 2173 71 2226 e't.
148 2169 200 2225 Si
224 2167 290 2225 ad
320 2170 501 2224 omnia
526 2164 866 2243 specialiffima
893 2185 1005 2224 non
1030 2162 1293 2223 descendit
1315 2185 1395 2223 re-

0 2257 53 2329 gis
73 2251 382 2328 prudentia3
422 2251 474 2308 id
499 2267 561 2306 ex
587 2269 651 2307 eo
676 2247 775 2315 fit,
807 2249 892 2307 vel
929 2253 1183 2327 quoniam
1215 2252 1398 2307 omnia

0 2336 242 2393 ieruidere
270 2353 383 2392 non
408 2327 581 2411 potest
607 2351 783 2393 rerum
808 2333 1128 2412 agendarum
1171 2328 1400 2410 siugula-

2 2421 111 2478 ium
127 2423 362 2483 motiua,
404 2417 490 2475 vel
509 2421 626 2495 quia
646 2417 863 2494 quidem
886 2415 1168 2494 intelligit,
1197 2419 1397 2476 maiora
1432 2413 1443 2415 ζ

1 2521 155 2560 amen
190 2497 248 2559 &
287 2504 526 2581 grauiora
563 2500 899 2558 excellentius
932 2501 1194 2578 quiddam
1208 2500 1399 2578 agendi

0 2588 184 2644 uotiua
205 2584 397 2651 habet,
445 2586 741 2644 minoribus
766 2584 1162 2660 anteponenda,
1210 2586 1266 2640 id
1292 2578 1397 2649 est,

0 2673 233 2728 naiorem
264 2667 649 2747 obligationem
684 2670 877 2726 minori
902 2667 988 2724 hie
1014 2663 1069 2723 ἃ
1095 2686 1237 2726 nunc
1262 2687 1394 2724 con-

0 2757 205 2811 :urrenti
231 2746 640 2828 praeferendam·
690 2755 909 2807 minime
929 2770 1106 2809 autern
1124 2768 1397 2826 propterea
1451 2796 1455 2797 γ

0 2835 45 2895 id
70 2831 481 2897 minutiffima&
508 2832 853 2916 specialiffima
887 2839 1082 2895 ciuium
1117 2831 1250 2895 faeta
1281 2852 1397 2892 non

1307 2933 1395 2972 ex-
