1802 3230
120 332 251 376 Noua
271 344 342 374 re·

25 460 28 461 f
111 392 282 462 sponfio·

385 91 507 148 442
973 74 1094 150 cap.
1133 74 1224 131 XI.
1746 140 1749 145 ,

979 213 1025 278 ᾗ·
1093 228 1232 283 322.
1715 189 1762 333 i

543 325 632 384 Ad
646 321 782 381 hanc
797 318 1188 396 responfionem
1214 325 1418 384 accedit
1441 325 1534 385 alia
1551 345 1702 386 mom

382 408 564 473 multo
579 407 874 489 grauiffimi,
905 425 1063 483 quam
1095 409 1279 466 eadem
1296 415 1649 470 recentiorum
1674 332 1781 473 dffl

384 495 525 573 plina
558 487 928 551 subministrat.
953 494 1152 566 (496)
1218 495 1380 576 Saepe
1398 492 1653 558 eiusmodi
1683 514 1766 554 ma

387 576 444 636 ὃ(
463 583 603 636 bona
626 596 832 653 turpem
861 595 950 632 aut
975 574 1253 635 honestam
1280 584 1448 636 vitam
1466 585 1762 646 comitantu

387 685 504 741 quae
522 664 739 722 naturali
765 681 904 720 nexu
923 680 1045 720 curn
1072 659 1348 722 honestate
1372 682 1463 721 aut
1488 667 1768 744 turpitudit

385 770 499 807 non
530 747 834 812 cohaerent,
875 744 959 802 sed
994 765 1054 802 ex
1090 765 1233 822 parte
1259 746 1550 804 hominum
1583 746 1729 805 casu
1717 769 1783 825 ¹¹?

384 832 525 894 miffa
552 835 842 895 videntur,
886 850 949 886 ex
972 849 1116 904 parte
1148 852 1275 889 vero
1304 833 1432 890 DEI
1457 845 1673 907 propter
1689 828 1782 891 lib.

383 937 495 976 ram
519 916 950 993 dispensationem
971 916 1263 974 adiudicata
1287 915 1423 977 sunt.
1452 900 1784 991 Mala&bQ

388 1007 596 1060 motiua
618 1000 737 1059 sunt
760 1000 844 1059 vel
872 1001 1060 1077 agendi
1086 1001 1317 1077 aliquid,
1342 1001 1426 1059 vel
1457 998 1515 1061 ,ἃ
1540 999 1709 1060 auersa

384 1088 581 1146 DEVS
609 1090 799 1166 igitur,
845 1088 931 1160 qui
957 1087 1020 1140 ab
1053 1105 1252 1143 aeterno
1285 1088 1569 1154 decreuit,
1632 1104 1691 1142 vt
1725 1083 1764 1149 h

384 1192 560 1229 rerum
590 1173 758 1236 ord0,
795 1189 895 1225 nec
926 1168 1083 1236 alius,
1125 1166 1180 1226 ἃ
1222 1172 1438 1246 quidem
1474 1187 1692 1249 propter
1726 1167 1769 1222 h

384 1252 744 1333 perfefflones
761 1248 1052 1318 exsisteret,
1100 1254 1276 1312 voluit
1297 1258 1482 1319 etiam,
1508 1274 1569 1312 vt
1585 1254 1769 1318 malail

385 1337 444 1396 &
473 1343 614 1397 bona
639 1361 750 1397 non
775 1356 864 1415 per
894 1357 1169 1403 naturam,
1224 1337 1309 1396 sed
1343 1339 1561 1398 liberam
1589 1339 1719 1395 DEI
1780 1347 1782 1350 ’

380 1423 762 1503 spensationem
785 1422 954 1480 secuta
973 1461 988 1486 ‚
1032 1427 1239 1480 motiua
1261 1422 1417 1482 effent
1433 1421 1676 1504 fugiendi
1700 1440 1722 1478 t
1730 1426 1747 1501 }
1766 1443 1786 1475 ι·

381 1512 713 1586 pitudinern,
761 1505 816 1565 ἃ
854 1508 1064 1565 colendi
1094 1504 1446 1568 honestatem.
1537 1504 1786 1566 Conne&

382 1599 562 1671 itaque
591 1594 787 1651 DEVS
816 1589 1087 1671 legislator
1111 1589 1352 1651 summus
1374 1633 1390 1655 ,
1430 1593 1567 1650 mala
1598 1588 1653 1648 ὃ(
1681 1594 1767 1648 boi

381 1682 642 1736 arbitraria
660 1675 858 1753 speciali
876 1673 1047 1740 sensu,
1091 1677 1143 1732 id
1167 1673 1238 1751 est
1260 1721 1273 1742 ,
1313 1698 1498 1754 poenas
1521 1673 1577 1734 ἃ
1607 1694 1786 1753 praemv

380 1762 754 1840 propriissime,
799 1758 856 1817 ὅ(
897 1757 1039 1816 sensu
1071 1758 1314 1817 humano
1342 1759 1598 1840 adpellata
1623 1803 1640 1828 ,
1693 1779 1769 1817 cui

365 1846 678 1906 ‘aEtionibus
705 1861 1056 1904 creaturarum
1096 1846 1465 1926 rationalium,
1511 1843 1771 1903 confirma

382 1952 488 2009 que
515 1933 686 2011 legem
715 1949 912 1989 naturae
929 1929 1258 2007 obligatione
1283 1931 1542 2005 peculiari.
1586 1928 1770 1987 Voluil

378 2017 608 2075 DEVM
651 2035 868 2093 propter
907 2012 1013 2073 fata
1049 2014 1132 2070 illa
1173 2012 1400 2091 specialia
1433 2011 1490 2072 ὅ(
1528 2016 1771 2080 arbitrari:

380 2122 443 2161 vt
469 2102 716 2161 homines
759 2105 1012 2159 virtutem
1047 2098 1258 2169 colant,
1301 2105 1432 2168 vitia⁴
1462 2094 1772 2157 detestent2
1766 2119 1788 2140 ἐ

380 2190 610 2244 dubium
649 2187 962 2262 relinquitur
1001 2183 1251 2242 nullum:
1327 2185 1472 2243 aliter
1527 2188 1667 2240 enim
1740 2201 1789 2238 3-

378 2272 466 2330 illa
502 2292 616 2328 non
661 2266 956 2328 destinaret.
1042 2272 1209 2346 Atqui
1257 2270 1509 2328 voluntas
1547 2264 1773 2348 legislatt

384 2362 454 2414 ris
515 2375 864 2444 quocumque
888 2353 1061 2411 modo
1082 2354 1145 2410 de
1173 2350 1423 2414 faciendis
1448 2372 1540 2414 aut
1560 2355 1772 2409 omittet

382 2444 462 2499 dis
492 2439 782 2506 declarata,
838 2460 950 2497 non
985 2434 1162 2515 potest
1194 2435 1327 2508 esse,
1390 2433 1484 2497 nist
1506 2437 1591 2497 lex
1619 2435 1774 2495 arfiio

381 2522 525 2582 sensu
555 2543 763 2583 vocata.
1412 2537 1435 2552 f

416 2644 640 2765 ζὲωὸῡ)Γ
619 2645 677 2689 Vi
683 2643 726 2691 d.
745 2642 834 2691 hoc
860 2652 1177 2706 argumentum
1199 2639 1316 2706 apud
1328 2638 1598 2692 Wolfium
1583 2653 1632 2687 m
1651 2651 1775 2685 mota

517 2741 569 2769 ι
617 2707 705 2773 s·eq
1591 2745 1595 2747 -

1616 2837 1662 2898 §-
1696 2847 1777 2902 32.
