<?xml version="1.0" encoding="UTF-8"?>
<!DOCTYPE html PUBLIC "-//W3C//DTD XHTML 1.0 Transitional//EN"
    "http://www.w3.org/TR/xhtml1/DTD/xhtml1-transitional.dtd">
<html xmlns="http://www.w3.org/1999/xhtml" xml:lang="en" lang="en">
 <head>
  <title>
</title>
<meta http-equiv="Content-Type" content="text/html;charset=utf-8" />
  <meta name='ocr-system' content='tesseract 3.04.00' />
  <meta name='ocr-capabilities' content='ocr_page ocr_carea ocr_par ocr_line ocrx_word'/>
</head>
<body>
  <div class='ocr_page' id='page_1' title='image "./philosophiaeleib01canz_0452.png"; bbox 0 0 1802 3230; ppageno 0'>
   <div class='ocr_carea' id='block_1_1' title="bbox 66 1938 312 2194">
    <p class='ocr_par' dir='ltr' id='par_1_1' title="bbox 66 1938 312 2194">
     <span class='ocr_line' id='line_1_1' title="bbox 69 1938 312 2001; baseline 0 -17"><span class='ocrx_word' id='word_1_1' title='bbox 69 1938 138 1986; x_wconf 79' lang='lat' dir='ltr'>De</span> <span class='ocrx_word' id='word_1_2' title='bbox 166 1943 312 2001; x_wconf 80' lang='lat' dir='ltr'>impu-</span> 
     </span>
     <span class='ocr_line' id='line_1_2' title="bbox 68 2007 240 2051; baseline -0.012 -1"><span class='ocrx_word' id='word_1_3' title='bbox 68 2007 240 2051; x_wconf 72' lang='lat' dir='ltr'>tatione</span> 
     </span>
     <span class='ocr_line' id='line_1_3' title="bbox 68 2069 224 2112; baseline 0 0"><span class='ocrx_word' id='word_1_4' title='bbox 68 2069 224 2112; x_wconf 70' lang='lat' dir='ltr'>aliena</span> 
     </span>
     <span class='ocr_line' id='line_1_4' title="bbox 66 2129 258 2194; baseline 0 -15"><span class='ocrx_word' id='word_1_5' title='bbox 66 2129 258 2194; x_wconf 67' lang='lat' dir='ltr'>institia.</span> 
     </span>
    </p>
   </div>
   <div class='ocr_carea' id='block_1_2' title="bbox 1691 0 1802 3230">
    <p class='ocr_par' dir='ltr' id='par_1_2' title="bbox 1691 0 1802 3230">
     <span class='ocr_line' id='line_1_5' title="bbox 1757 0 1791 120; baseline 0 3110"><span class='ocrx_word' id='word_1_6' title='bbox 1757 0 1791 120; x_wconf 95' lang='lat' dir='ltr'> </span> 
     </span>
     <span class='ocr_line' id='line_1_6' title="bbox 1757 368 1802 742; baseline 0 0"><span class='ocrx_word' id='word_1_7' title='bbox 1757 368 1802 742; x_wconf 95' lang='lat' dir='ltr'>     </span> 
     </span>
     <span class='ocr_line' id='line_1_7' title="bbox 1729 742 1802 1003; baseline 0 -173"><span class='ocrx_word' id='word_1_8' title='bbox 1729 742 1802 1003; x_wconf 95' lang='lat' dir='ltr'>   </span> 
     </span>
     <span class='ocr_line' id='line_1_8' title="bbox 1691 1003 1802 1333; baseline 0 0"><span class='ocrx_word' id='word_1_9' title='bbox 1691 1003 1802 1333; x_wconf 95' lang='lat' dir='ltr'>  </span> 
     </span>
     <span class='ocr_line' id='line_1_9' title="bbox 1753 1333 1802 3230; baseline 0 0"><span class='ocrx_word' id='word_1_10' title='bbox 1753 1333 1802 3230; x_wconf 95' lang='lat' dir='ltr'>   </span> 
     </span>
    </p>
   </div>
   <div class='ocr_carea' id='block_1_3' title="bbox 340 104 1169 184">
    <p class='ocr_par' dir='ltr' id='par_1_3' title="bbox 340 104 1169 184">
     <span class='ocr_line' id='line_1_10' title="bbox 340 104 1169 184; baseline 0.002 -24"><span class='ocrx_word' id='word_1_11' title='bbox 340 114 470 176; x_wconf 79' lang='lat'>432</span> <span class='ocrx_word' id='word_1_12' title='bbox 931 104 1052 184; x_wconf 80' lang='lat' dir='ltr'>Cap.</span> <span class='ocrx_word' id='word_1_13' title='bbox 1090 107 1169 162; x_wconf 86' lang='lat' dir='ltr'>X.</span> 
     </span>
    </p>
   </div>
   <div class='ocr_carea' id='block_1_4' title="bbox 329 199 1802 1042">
    <p class='ocr_par' dir='ltr' id='par_1_4' title="bbox 329 199 1802 1042">
     <span class='ocr_line' id='line_1_11' title="bbox 336 199 1802 306; baseline 0.001 -47"><span class='ocrx_word' id='word_1_14' title='bbox 336 221 499 259; x_wconf 68' lang='lat' dir='ltr'>omnes</span> <span class='ocrx_word' id='word_1_15' title='bbox 530 199 745 259; x_wconf 71' lang='lat' dir='ltr'>homines</span> <span class='ocrx_word' id='word_1_16' title='bbox 757 200 804 279; x_wconf 86' lang='lat' dir='ltr'><em>fi</em></span> <span class='ocrx_word' id='word_1_17' title='bbox 822 217 943 256; x_wconf 74' lang='lat' dir='ltr'>cnm</span> <span class='ocrx_word' id='word_1_18' title='bbox 971 206 1117 258; x_wconf 76' lang='grc' dir='ltr'>ΠΕΟ</span> <span class='ocrx_word' id='word_1_19' title='bbox 1137 219 1374 262; x_wconf 79' lang='lat' dir='ltr'>creatore</span> <span class='ocrx_word' id='word_1_20' title='bbox 1381 205 1483 280; x_wconf 75' lang='lat' dir='ltr'>fico</span> <span class='ocrx_word' id='word_1_21' title='bbox 1506 209 1746 306; x_wconf 37' lang='lat' dir='ltr'>confer*¹</span> <span class='ocrx_word' id='word_1_22' title='bbox 1783 256 1802 294; x_wconf 52' lang='grc' dir='ltr'><strong>Ψ</strong></span> 
     </span>
     <span class='ocr_line' id='line_1_12' title="bbox 334 281 1802 358; baseline 0.005 -17"><span class='ocrx_word' id='word_1_23' title='bbox 334 286 500 358; x_wconf 64' lang='lat' dir='ltr'>tum)</span> <span class='ocrx_word' id='word_1_24' title='bbox 556 287 797 342; x_wconf 88' lang='lat' dir='ltr'>Tantum</span> <span class='ocrx_word' id='word_1_25' title='bbox 833 281 976 342; x_wconf 87' lang='lat' dir='ltr'>abest</span> <span class='ocrx_word' id='word_1_26' title='bbox 1008 327 1023 351; x_wconf 94' lang='lat'>,</span> <span class='ocrx_word' id='word_1_27' title='bbox 1083 305 1146 345; x_wconf 87' lang='lat' dir='ltr'>vt</span> <span class='ocrx_word' id='word_1_28' title='bbox 1181 289 1236 345; x_wconf 87' lang='lat' dir='ltr'>id</span> <span class='ocrx_word' id='word_1_29' title='bbox 1275 285 1430 350; x_wconf 89' lang='lat' dir='ltr'>faciat</span> <span class='ocrx_word' id='word_1_30' title='bbox 1467 291 1757 351; x_wconf 78' lang='lat' dir='ltr'>hominum</span> <span class='ocrx_word' id='word_1_31' title='bbox 1799 342 1802 348; x_wconf 90' lang='lat'><em>.</em></span> 
     </span>
     <span class='ocr_line' id='line_1_13' title="bbox 334 366 1802 449; baseline 0.001 -21"><span class='ocrx_word' id='word_1_32' title='bbox 334 366 495 428; x_wconf 74' lang='lat' dir='ltr'>cauffa</span> <span class='ocrx_word' id='word_1_33' title='bbox 522 368 733 425; x_wconf 88' lang='lat' dir='ltr'><strong>DEVS.</strong></span> <span class='ocrx_word' id='word_1_34' title='bbox 801 368 1286 444; x_wconf 82' lang='lat' dir='ltr'><strong>Quemadmodum</strong></span> <span class='ocrx_word' id='word_1_35' title='bbox 1320 377 1558 449; x_wconf 82' lang='lat' dir='ltr'>ineptum</span> <span class='ocrx_word' id='word_1_36' title='bbox 1593 372 1739 437; x_wconf 82' lang='lat' dir='ltr'>foret</span> <span class='ocrx_word' id='word_1_37' title='bbox 1800 425 1802 429; x_wconf 83' lang='lat'><em>.</em></span> 
     </span>
     <span class='ocr_line' id='line_1_14' title="bbox 335 449 1752 532; baseline 0.004 -20"><span class='ocrx_word' id='word_1_38' title='bbox 335 451 376 512; x_wconf 86' lang='lat' dir='ltr'>s1</span> <span class='ocrx_word' id='word_1_39' title='bbox 403 472 587 530; x_wconf 86' lang='lat' dir='ltr'>parens</span> <span class='ocrx_word' id='word_1_40' title='bbox 619 471 742 512; x_wconf 89' lang='lat' dir='ltr'>cum</span> <span class='ocrx_word' id='word_1_41' title='bbox 775 449 885 509; x_wconf 81' lang='lat' dir='ltr'>filio</span> <span class='ocrx_word' id='word_1_42' title='bbox 917 451 1280 530; x_wconf 83' lang='lat' dir='ltr'>pacisceretur,</span> <span class='ocrx_word' id='word_1_43' title='bbox 1318 475 1382 515; x_wconf 91' lang='lat' dir='ltr'>vt</span> <span class='ocrx_word' id='word_1_44' title='bbox 1411 455 1628 532; x_wconf 83' lang='lat' dir='ltr'>posthac</span> <span class='ocrx_word' id='word_1_45' title='bbox 1661 461 1752 517; x_wconf 91' lang='lat' dir='ltr'>ob-</span> 
     </span>
     <span class='ocr_line' id='line_1_15' title="bbox 336 535 1799 620; baseline 0.005 -25"><span class='ocrx_word' id='word_1_46' title='bbox 336 541 621 597; x_wconf 85' lang='lat' dir='ltr'>edientiam</span> <span class='ocrx_word' id='word_1_47' title='bbox 662 555 843 595; x_wconf 84' lang='lat' dir='ltr'>natura</span> <span class='ocrx_word' id='word_1_48' title='bbox 885 536 977 597; x_wconf 76' lang='lat' dir='ltr'>sibi</span> <span class='ocrx_word' id='word_1_49' title='bbox 1013 539 1248 597; x_wconf 86' lang='lat' dir='ltr'><strong>debitam</strong></span> <span class='ocrx_word' id='word_1_50' title='bbox 1285 535 1346 598; x_wconf 63' lang='lat' dir='ltr'>in&#39;</span> <span class='ocrx_word' id='word_1_51' title='bbox 1379 537 1750 620; x_wconf 74' lang='lat' dir='ltr'>sua&#39;potestat«</span> <span class='ocrx_word' id='word_1_52' title='bbox 1794 576 1799 584; x_wconf 91' lang='lat'><em>·</em></span> 
     </span>
     <span class='ocr_line' id='line_1_16' title="bbox 335 619 1802 701; baseline 0.003 -21"><span class='ocrx_word' id='word_1_53' title='bbox 335 619 592 689; x_wconf 87' lang='lat' dir='ltr'>haberet,</span> <span class='ocrx_word' id='word_1_54' title='bbox 643 625 923 699; x_wconf 84' lang='lat' dir='ltr'>meritique</span> <span class='ocrx_word' id='word_1_55' title='bbox 961 623 1088 681; x_wconf 89' lang='lat' dir='ltr'>loco</span> <span class='ocrx_word' id='word_1_56' title='bbox 1127 628 1326 701; x_wconf 87' lang='lat' dir='ltr'>parenti</span> <span class='ocrx_word' id='word_1_57' title='bbox 1368 619 1625 686; x_wconf 80' lang='lat' dir='ltr'>offerret:</span> <span class='ocrx_word' id='word_1_58' title='bbox 1693 636 1749 686; x_wconf 70' lang='lat' dir='ltr'>itz</span> <span class='ocrx_word' id='word_1_59' title='bbox 1801 688 1802 694; x_wconf 9' lang='grc' dir='ltr'>χ</span> 
     </span>
     <span class='ocr_line' id='line_1_17' title="bbox 336 703 1754 788; baseline 0.004 -23"><span class='ocrx_word' id='word_1_60' title='bbox 336 711 497 765; x_wconf 87' lang='lat' dir='ltr'>etiam</span> <span class='ocrx_word' id='word_1_61' title='bbox 527 712 886 787; x_wconf 84' lang='lat' dir='ltr'>incongruum</span> <span class='ocrx_word' id='word_1_62' title='bbox 910 703 1054 767; x_wconf 89' lang='lat' dir='ltr'>foret</span> <span class='ocrx_word' id='word_1_63' title='bbox 1082 710 1146 766; x_wconf 87' lang='lat' dir='ltr'>de</span> <span class='ocrx_word' id='word_1_64' title='bbox 1177 708 1342 768; x_wconf 91' lang='lat' dir='ltr'>DEO</span> <span class='ocrx_word' id='word_1_65' title='bbox 1368 708 1488 768; x_wconf 88' lang='lat' dir='ltr'>talia</span> <span class='ocrx_word' id='word_1_66' title='bbox 1519 715 1754 788; x_wconf 81' lang='lat' dir='ltr'>cogitate</span> 
     </span>
     <span class='ocr_line' id='line_1_18' title="bbox 335 789 1750 874; baseline 0.002 -26"><span class='ocrx_word' id='word_1_67' title='bbox 335 791 512 873; x_wconf 79' lang='lat' dir='ltr'>Qod</span> <span class='ocrx_word' id='word_1_68' title='bbox 527 809 707 850; x_wconf 86' lang='lat' dir='ltr'>autem</span> <span class='ocrx_word' id='word_1_69' title='bbox 735 795 1094 872; x_wconf 81' lang='lat' dir='ltr'>incongruum</span> <span class='ocrx_word' id='word_1_70' title='bbox 1117 789 1208 860; x_wconf 88' lang='lat' dir='ltr'>est,</span> <span class='ocrx_word' id='word_1_71' title='bbox 1250 796 1302 850; x_wconf 89' lang='lat' dir='ltr'>id</span> <span class='ocrx_word' id='word_1_72' title='bbox 1330 792 1568 871; x_wconf 80' lang='lat' dir='ltr'>sapientia</span> <span class='ocrx_word' id='word_1_73' title='bbox 1589 797 1750 874; x_wconf 49' lang='grc' dir='ltr'>Ι«ῐΙίιιί,Ι</span> 
     </span>
     <span class='ocr_line' id='line_1_19' title="bbox 335 871 1729 959; baseline 0.001 -24"><span class='ocrx_word' id='word_1_74' title='bbox 335 871 655 936; x_wconf 85' lang='lat' dir='ltr'>detestatur:</span> <span class='ocrx_word' id='word_1_75' title='bbox 684 895 917 952; x_wconf 84' lang='lat' dir='ltr'>cumque</span> <span class='ocrx_word' id='word_1_76' title='bbox 949 876 1230 954; x_wconf 79' lang='lat' dir='ltr'>iustitiafit</span> <span class='ocrx_word' id='word_1_77' title='bbox 1252 879 1540 959; x_wconf 46' lang='lat' dir='ltr'>benignitas</span> <span class='ocrx_word' id='word_1_78' title='bbox 1562 899 1652 957; x_wconf 87' lang='lat' dir='ltr'>per</span> <span class='ocrx_word' id='word_1_79' title='bbox 1678 880 1729 953; x_wconf 82' lang='lat' dir='ltr'>s&#39;</span> 
     </span>
     <span class='ocr_line' id='line_1_20' title="bbox 329 956 1687 1042; baseline 0.005 -26"><span class='ocrx_word' id='word_1_80' title='bbox 329 965 589 1040; x_wconf 81' lang='lat' dir='ltr'>pientiam</span> <span class='ocrx_word' id='word_1_81' title='bbox 615 956 979 1035; x_wconf 82' lang='lat' dir='ltr'>administrata</span> <span class='ocrx_word' id='word_1_82' title='bbox 995 981 1025 1032; x_wconf 86' lang='grc'>,·</span> <span class='ocrx_word' id='word_1_83' title='bbox 1080 958 1360 1020; x_wconf 87' lang='lat' dir='ltr'>fatendum</span> <span class='ocrx_word' id='word_1_84' title='bbox 1391 959 1492 1031; x_wconf 87' lang='lat' dir='ltr'>est,</span> <span class='ocrx_word' id='word_1_85' title='bbox 1530 964 1741 1042; x_wconf 89' lang='lat' dir='ltr'>benig</span> 
     </span>
    </p>
   </div>
   <div class='ocr_carea' id='block_1_5' title="bbox 333 1209 1751 1546">
    <p class='ocr_par' dir='ltr' id='par_1_5' title="bbox 333 1209 1751 1546">
     <span class='ocr_line' id='line_1_21' title="bbox 338 1209 1748 1292; baseline -0.001 -19"><span class='ocrx_word' id='word_1_86' title='bbox 338 1209 468 1273; x_wconf 82' lang='lat' dir='ltr'>stare</span> <span class='ocrx_word' id='word_1_87' title='bbox 489 1257 508 1284; x_wconf 92' lang='lat'><strong>,</strong></span> <span class='ocrx_word' id='word_1_88' title='bbox 547 1234 658 1291; x_wconf 85' lang='lat' dir='ltr'>quo</span> <span class='ocrx_word' id='word_1_89' title='bbox 682 1219 877 1282; x_wconf 75' lang='lat' dir='ltr'>minuS,</span> <span class='ocrx_word' id='word_1_90' title='bbox 924 1233 985 1274; x_wconf 91' lang='lat' dir='ltr'>vt</span> <span class='ocrx_word' id='word_1_91' title='bbox 1007 1213 1263 1292; x_wconf 81' lang='lat' dir='ltr'>pontificii</span> <span class='ocrx_word' id='word_1_92' title='bbox 1294 1216 1522 1286; x_wconf 90' lang='lat' dir='ltr'>volunt,</span> <span class='ocrx_word' id='word_1_93' title='bbox 1568 1217 1748 1274; x_wconf 71' lang='lat' dir='ltr'>DEV!</span> 
     </span>
     <span class='ocr_line' id='line_1_22' title="bbox 335 1298 1751 1378; baseline -0.001 -22"><span class='ocrx_word' id='word_1_94' title='bbox 335 1301 475 1357; x_wconf 88' lang='lat' dir='ltr'>adeo</span> <span class='ocrx_word' id='word_1_95' title='bbox 519 1298 795 1358; x_wconf 82' lang='lat' dir='ltr'>liberaliter</span> <span class='ocrx_word' id='word_1_96' title='bbox 845 1299 1122 1358; x_wconf 86' lang='lat' dir='ltr'>nobiscum</span> <span class='ocrx_word' id='word_1_97' title='bbox 1163 1299 1469 1375; x_wconf 82' lang='lat' dir='ltr'>paciscatur,</span> <span class='ocrx_word' id='word_1_98' title='bbox 1528 1304 1592 1359; x_wconf 91' lang='lat' dir='ltr'>ad</span> <span class='ocrx_word' id='word_1_99' title='bbox 1639 1319 1751 1378; x_wconf 56' lang='lat' dir='ltr'>pm</span> 
     </span>
     <span class='ocr_line' id='line_1_23' title="bbox 333 1379 1751 1465; baseline -0.001 -24"><span class='ocrx_word' id='word_1_100' title='bbox 333 1379 551 1442; x_wconf 86' lang='lat' dir='ltr'>standos</span> <span class='ocrx_word' id='word_1_101' title='bbox 573 1404 674 1442; x_wconf 87' lang='lat' dir='ltr'>nos</span> <span class='ocrx_word' id='word_1_102' title='bbox 705 1387 1021 1443; x_wconf 85' lang='lat' dir='ltr'>meritorum</span> <span class='ocrx_word' id='word_1_103' title='bbox 1049 1405 1256 1464; x_wconf 85' lang='lat' dir='ltr'>capaces</span> <span class='ocrx_word' id='word_1_104' title='bbox 1284 1408 1297 1444; x_wconf 91' lang='lat'>:</span> <span class='ocrx_word' id='word_1_105' title='bbox 1344 1387 1494 1465; x_wconf 89' lang='lat' dir='ltr'><strong>quod</strong></span> <span class='ocrx_word' id='word_1_106' title='bbox 1515 1405 1620 1443; x_wconf 86' lang='lat' dir='ltr'>erat</span> <span class='ocrx_word' id='word_1_107' title='bbox 1643 1402 1751 1463; x_wconf 76' lang='lat' dir='ltr'>pro&lt;</span> 
     </span>
     <span class='ocr_line' id='line_1_24' title="bbox 337 1468 828 1546; baseline -0.002 -20"><span class='ocrx_word' id='word_1_108' title='bbox 337 1468 598 1528; x_wconf 86' lang='lat' dir='ltr'>bandum.</span> <span class='ocrx_word' id='word_1_109' title='bbox 641 1471 828 1546; x_wconf 83' lang='lat'>(485)</span> 
     </span>
    </p>
   </div>
   <div class='ocr_carea' id='block_1_6' title="bbox 365 1571 1802 1773">
    <p class='ocr_par' dir='ltr' id='par_1_6' title="bbox 365 1571 1802 1773">
     <span class='ocr_line' id='line_1_25' title="bbox 365 1571 1802 1639; baseline -0.001 -18"><span class='ocrx_word' id='word_1_110' title='bbox 365 1576 395 1639; x_wconf 86' lang='lat'>(</span> <span class='ocrx_word' id='word_1_111' title='bbox 407 1572 537 1637; x_wconf 67' lang='lat'>2485)</span> <span class='ocrx_word' id='word_1_112' title='bbox 569 1576 863 1624; x_wconf 84' lang='lat' dir='ltr'>Probauimus</span> <span class='ocrx_word' id='word_1_113' title='bbox 896 1592 1004 1625; x_wconf 85' lang='lat' dir='ltr'>vero</span> <span class='ocrx_word' id='word_1_114' title='bbox 1040 1578 1195 1626; x_wconf 83' lang='lat' dir='ltr'>omnia</span> <span class='ocrx_word' id='word_1_115' title='bbox 1214 1609 1228 1634; x_wconf 90' lang='lat'>,</span> <span class='ocrx_word' id='word_1_116' title='bbox 1265 1589 1314 1624; x_wconf 87' lang='lat' dir='ltr'>vt</span> <span class='ocrx_word' id='word_1_117' title='bbox 1338 1574 1460 1623; x_wconf 76' lang='lat' dir='ltr'>vIdes</span> <span class='ocrx_word' id='word_1_118' title='bbox 1480 1576 1592 1621; x_wconf 84' lang='lat' dir='ltr'><strong>B.L.</strong></span> <span class='ocrx_word' id='word_1_119' title='bbox 1614 1588 1669 1620; x_wconf 87' lang='lat' dir='ltr'>ex</span> <span class='ocrx_word' id='word_1_120' title='bbox 1691 1571 1743 1620; x_wconf 86' lang='lat' dir='ltr'>de</span> <span class='ocrx_word' id='word_1_121' title='bbox 1800 1624 1802 1632; x_wconf 46' lang='grc'>,</span> 
     </span>
     <span class='ocr_line' id='line_1_26' title="bbox 400 1634 1802 1707; baseline -0.001 -20"><span class='ocrx_word' id='word_1_122' title='bbox 400 1639 685 1687; x_wconf 81' lang='lat' dir='ltr'>finitionibus</span> <span class='ocrx_word' id='word_1_123' title='bbox 727 1647 877 1688; x_wconf 79' lang='lat' dir='ltr'>meriti</span> <span class='ocrx_word' id='word_1_124' title='bbox 915 1645 960 1689; x_wconf 87' lang='lat'>&amp;</span> <span class='ocrx_word' id='word_1_125' title='bbox 997 1643 1172 1707; x_wconf 78' lang='lat' dir='ltr'>iustitiae</span> <span class='ocrx_word' id='word_1_126' title='bbox 1188 1675 1206 1700; x_wconf 92' lang='lat'><em>,</em></span> <span class='ocrx_word' id='word_1_127' title='bbox 1248 1656 1357 1706; x_wconf 76' lang='lat' dir='ltr'>quas</span> <span class='ocrx_word' id='word_1_128' title='bbox 1394 1638 1753 1690; x_wconf 83' lang='lat' dir='ltr'>adcommodata.</span> <span class='ocrx_word' id='word_1_129' title='bbox 1799 1634 1802 1658; x_wconf 80' lang='lat'>¹</span> 
     </span>
     <span class='ocr_line' id='line_1_27' title="bbox 399 1702 1608 1773; baseline 0.001 -19"><span class='ocrx_word' id='word_1_130' title='bbox 399 1702 533 1754; x_wconf 78' lang='lat' dir='ltr'>valde</span> <span class='ocrx_word' id='word_1_131' title='bbox 552 1704 796 1773; x_wconf 56' lang='lat' dir='ltr'>Leinnitiut</span> <span class='ocrx_word' id='word_1_132' title='bbox 823 1707 1043 1753; x_wconf 76' lang='lat' dir='ltr'>exhibuit.</span> <span class='ocrx_word' id='word_1_133' title='bbox 1575 1716 1578 1717; x_wconf 72' lang='grc'>’</span> <span class='ocrx_word' id='word_1_134' title='bbox 1604 1735 1608 1740; x_wconf 62' lang='grc'><strong>«</strong></span> 
     </span>
    </p>
   </div>
   <div class='ocr_carea' id='block_1_7' title="bbox 929 1799 1181 1874">
    <p class='ocr_par' dir='ltr' id='par_1_7' title="bbox 929 1799 1181 1874">
     <span class='ocr_line' id='line_1_28' title="bbox 929 1799 1181 1874; baseline 0 -17"><span class='ocrx_word' id='word_1_135' title='bbox 929 1799 978 1869; x_wconf 86' lang='lat'>§.</span> <span class='ocrx_word' id='word_1_136' title='bbox 1046 1804 1181 1874; x_wconf 81' lang='lat'><em>316.</em></span> 
     </span>
    </p>
   </div>
   <div class='ocr_carea' id='block_1_8' title="bbox 331 1898 1802 2970">
    <p class='ocr_par' dir='ltr' id='par_1_8' title="bbox 331 1898 1802 2966">
     <span class='ocr_line' id='line_1_29' title="bbox 475 1898 1747 1981; baseline -0.002 -21"><span class='ocrx_word' id='word_1_137' title='bbox 475 1902 579 1960; x_wconf 86' lang='lat' dir='ltr'>Sed</span> <span class='ocrx_word' id='word_1_138' title='bbox 598 1921 742 1960; x_wconf 88' lang='lat' dir='ltr'>nunc</span> <span class='ocrx_word' id='word_1_139' title='bbox 771 1921 940 1963; x_wconf 85' lang='lat' dir='ltr'>arcem</span> <span class='ocrx_word' id='word_1_140' title='bbox 965 1898 1140 1963; x_wconf 72' lang='lat' dir='ltr'>caussae</span> <span class='ocrx_word' id='word_1_141' title='bbox 1154 1904 1413 1978; x_wconf 83' lang='lat' dir='ltr'>petimus,</span> <span class='ocrx_word' id='word_1_142' title='bbox 1455 1917 1572 1981; x_wconf 87' lang='lat' dir='ltr'>quae</span> <span class='ocrx_word' id='word_1_143' title='bbox 1592 1901 1644 1956; x_wconf 84' lang='lat' dir='ltr'>in</span> <span class='ocrx_word' id='word_1_144' title='bbox 1668 1899 1747 1957; x_wconf 81' lang='lat' dir='ltr'>im</span> 
     </span>
     <span class='ocr_line' id='line_1_30' title="bbox 337 1979 1750 2065; baseline -0.001 -22"><span class='ocrx_word' id='word_1_145' title='bbox 337 1992 616 2065; x_wconf 86' lang='lat' dir='ltr'>putatione</span> <span class='ocrx_word' id='word_1_146' title='bbox 638 1981 1039 2046; x_wconf 82' lang='lat' dir='ltr'>alienaeiustitiae</span> <span class='ocrx_word' id='word_1_147' title='bbox 1054 1985 1315 2044; x_wconf 70' lang='lat' dir='ltr'>coilocata</span> <span class='ocrx_word' id='word_1_148' title='bbox 1349 1981 1440 2043; x_wconf 84' lang='lat' dir='ltr'>est.</span> <span class='ocrx_word' id='word_1_149' title='bbox 1516 1979 1750 2042; x_wconf 67' lang='lat' dir='ltr'>Iustificae</span> 
     </span>
     <span class='ocr_line' id='line_1_31' title="bbox 337 2067 1732 2150; baseline -0.004 -20"><span class='ocrx_word' id='word_1_150' title='bbox 337 2076 417 2131; x_wconf 90' lang='lat' dir='ltr'>tio</span> <span class='ocrx_word' id='word_1_151' title='bbox 446 2091 536 2150; x_wconf 84' lang='lat' dir='ltr'>per</span> <span class='ocrx_word' id='word_1_152' title='bbox 569 2090 726 2148; x_wconf 86' lang='lat' dir='ltr'>opera</span> <span class='ocrx_word' id='word_1_153' title='bbox 764 2071 964 2148; x_wconf 86' lang='lat' dir='ltr'>capitali</span> <span class='ocrx_word' id='word_1_154' title='bbox 1003 2067 1216 2129; x_wconf 64' lang='lat' dir='ltr'>defessu</span> <span class='ocrx_word' id='word_1_155' title='bbox 1248 2067 1303 2127; x_wconf 84' lang='lat'>&amp;</span> <span class='ocrx_word' id='word_1_156' title='bbox 1349 2069 1497 2127; x_wconf 89' lang='lat' dir='ltr'>hiatu</span> <span class='ocrx_word' id='word_1_157' title='bbox 1526 2069 1732 2126; x_wconf 88' lang='lat' dir='ltr'>laborat</span> 
     </span>
     <span class='ocr_line' id='line_1_32' title="bbox 335 2149 1749 2235; baseline -0.003 -23"><span class='ocrx_word' id='word_1_158' title='bbox 335 2160 430 2234; x_wconf 89' lang='lat' dir='ltr'>qui</span> <span class='ocrx_word' id='word_1_159' title='bbox 448 2159 697 2213; x_wconf 86' lang='lat' dir='ltr'>omnium</span> <span class='ocrx_word' id='word_1_160' title='bbox 726 2152 1098 2216; x_wconf 52' lang='lat' dir='ltr'>distinctissime</span> <span class='ocrx_word' id='word_1_161' title='bbox 1124 2175 1214 2235; x_wconf 88' lang='lat' dir='ltr'>per</span> <span class='ocrx_word' id='word_1_162' title='bbox 1228 2157 1481 2212; x_wconf 87' lang='lat' dir='ltr'>notiones</span> <span class='ocrx_word' id='word_1_163' title='bbox 1502 2149 1749 2232; x_wconf 70' lang='lat' dir='ltr'>generale</span> 
     </span>
     <span class='ocr_line' id='line_1_33' title="bbox 337 2233 1747 2320; baseline -0.004 -22"><span class='ocrx_word' id='word_1_164' title='bbox 337 2240 497 2299; x_wconf 84' lang='lat' dir='ltr'>huius</span> <span class='ocrx_word' id='word_1_165' title='bbox 521 2237 870 2319; x_wconf 74' lang='lat' dir='ltr'>philosophiae</span> <span class='ocrx_word' id='word_1_166' title='bbox 899 2243 1181 2320; x_wconf 83' lang='lat' dir='ltr'>detegitur.</span> <span class='ocrx_word' id='word_1_167' title='bbox 1251 2239 1427 2298; x_wconf 86' lang='lat' dir='ltr'>Liceat</span> <span class='ocrx_word' id='word_1_168' title='bbox 1451 2233 1655 2299; x_wconf 83' lang='lat' dir='ltr'>iustitiae</span> <span class='ocrx_word' id='word_1_169' title='bbox 1679 2236 1747 2293; x_wconf 81' lang='lat' dir='ltr'>de</span> 
     </span>
     <span class='ocr_line' id='line_1_34' title="bbox 335 2318 1744 2402; baseline -0.005 -19"><span class='ocrx_word' id='word_1_170' title='bbox 335 2323 639 2383; x_wconf 85' lang='lat' dir='ltr'>finitionem</span> <span class='ocrx_word' id='word_1_171' title='bbox 663 2342 911 2401; x_wconf 81' lang='lat' dir='ltr'>repetere.</span> <span class='ocrx_word' id='word_1_172' title='bbox 983 2326 1259 2384; x_wconf 87' lang='lat' dir='ltr'>Nimirum</span> <span class='ocrx_word' id='word_1_173' title='bbox 1285 2327 1376 2400; x_wconf 89' lang='lat' dir='ltr'>qui</span> <span class='ocrx_word' id='word_1_174' title='bbox 1390 2322 1654 2402; x_wconf 82' lang='lat' dir='ltr'>sapienter</span> <span class='ocrx_word' id='word_1_175' title='bbox 1671 2318 1744 2376; x_wconf 83' lang='lat' dir='ltr'>be·</span> 
     </span>
     <span class='ocr_line' id='line_1_35' title="bbox 333 2405 1745 2489; baseline -0.002 -24"><span class='ocrx_word' id='word_1_176' title='bbox 333 2415 549 2489; x_wconf 68' lang='lat' dir='ltr'>mgnum</span> <span class='ocrx_word' id='word_1_177' title='bbox 572 2407 619 2466; x_wconf 91' lang='lat' dir='ltr'>se</span> <span class='ocrx_word' id='word_1_178' title='bbox 639 2406 868 2486; x_wconf 77' lang='lat' dir='ltr'>p&#39;raebet,</span> <span class='ocrx_word' id='word_1_179' title='bbox 913 2411 954 2465; x_wconf 86' lang='lat' dir='ltr'>is</span> <span class='ocrx_word' id='word_1_180' title='bbox 978 2409 1136 2482; x_wconf 66' lang='lat' dir='ltr'>iusim</span> <span class='ocrx_word' id='word_1_181' title='bbox 1164 2408 1470 2484; x_wconf 82' lang='lat' dir='ltr'>adpellatur.</span> <span class='ocrx_word' id='word_1_182' title='bbox 1519 2405 1647 2481; x_wconf 86' lang='lat' dir='ltr'>Cap.</span> <span class='ocrx_word' id='word_1_183' title='bbox 1672 2423 1745 2462; x_wconf 85' lang='lat' dir='ltr'>an·</span> 
     </span>
     <span class='ocr_line' id='line_1_36' title="bbox 334 2486 1791 2571; baseline -0.007 -19"><span class='ocrx_word' id='word_1_184' title='bbox 334 2496 510 2554; x_wconf 86' lang='lat' dir='ltr'>teced.</span> <span class='ocrx_word' id='word_1_185' title='bbox 531 2496 678 2553; x_wconf 84' lang='lat' dir='ltr'><strong>VIII.</strong></span> <span class='ocrx_word' id='word_1_186' title='bbox 700 2495 1076 2571; x_wconf 83' lang='lat' dir='ltr'>-probauimus‚</span> <span class='ocrx_word' id='word_1_187' title='bbox 1109 2512 1199 2568; x_wconf 88' lang='lat' dir='ltr'>per</span> <span class='ocrx_word' id='word_1_188' title='bbox 1223 2488 1470 2551; x_wconf 88' lang='lat' dir='ltr'>iustitiam</span> <span class='ocrx_word' id='word_1_189' title='bbox 1499 2491 1627 2548; x_wconf 90' lang='lat' dir='ltr'>DEI</span> <span class='ocrx_word' id='word_1_190' title='bbox 1639 2486 1743 2556; x_wconf 12' lang='lat' dir='ltr'>*fier</span> <span class='ocrx_word' id='word_1_191' title='bbox 1787 2535 1791 2543; x_wconf 92' lang='lat'>.</span> 
     </span>
     <span class='ocr_line' id='line_1_37' title="bbox 332 2575 1733 2657; baseline -0.004 -23"><span class='ocrx_word' id='word_1_192' title='bbox 332 2597 449 2635; x_wconf 88' lang='lat' dir='ltr'>non</span> <span class='ocrx_word' id='word_1_193' title='bbox 474 2575 643 2657; x_wconf 79' lang='lat' dir='ltr'>poffe,</span> <span class='ocrx_word' id='word_1_194' title='bbox 686 2597 749 2636; x_wconf 89' lang='lat' dir='ltr'>vt</span> <span class='ocrx_word' id='word_1_195' title='bbox 779 2597 989 2655; x_wconf 86' lang='lat' dir='ltr'>peccata</span> <span class='ocrx_word' id='word_1_196' title='bbox 1020 2577 1212 2634; x_wconf 87' lang='lat' dir='ltr'>DEVS</span> <span class='ocrx_word' id='word_1_197' title='bbox 1239 2579 1474 2652; x_wconf 86' lang='lat' dir='ltr'>impunia</span> <span class='ocrx_word' id='word_1_198' title='bbox 1501 2575 1733 2633; x_wconf 86' lang='lat' dir='ltr'>dimittat</span> 
     </span>
     <span class='ocr_line' id='line_1_38' title="bbox 335 2659 1802 2740; baseline -0.001 -24"><span class='ocrx_word' id='word_1_199' title='bbox 335 2662 635 2736; x_wconf 85' lang='lat' dir='ltr'>sapientiam</span> <span class='ocrx_word' id='word_1_200' title='bbox 654 2667 848 2740; x_wconf 89' lang='lat' dir='ltr'>quippe</span> <span class='ocrx_word' id='word_1_201' title='bbox 860 2663 987 2719; x_wconf 87' lang='lat' dir='ltr'>DEI</span> <span class='ocrx_word' id='word_1_202' title='bbox 1002 2704 1020 2730; x_wconf 89' lang='lat'>,</span> <span class='ocrx_word' id='word_1_203' title='bbox 1041 2681 1158 2739; x_wconf 88' lang='lat' dir='ltr'>quae</span> <span class='ocrx_word' id='word_1_204' title='bbox 1188 2679 1311 2718; x_wconf 92' lang='lat' dir='ltr'>cum</span> <span class='ocrx_word' id='word_1_205' title='bbox 1330 2659 1650 2739; x_wconf 87' lang='lat' dir='ltr'>benignitate</span> <span class='ocrx_word' id='word_1_206' title='bbox 1669 2675 1745 2714; x_wconf 86' lang='lat' dir='ltr'>co·</span> <span class='ocrx_word' id='word_1_207' title='bbox 1798 2721 1802 2736; x_wconf 82' lang='lat'><em>.</em></span> 
     </span>
     <span class='ocr_line' id='line_1_39' title="bbox 331 2736 1802 2822; baseline -0.003 -21"><span class='ocrx_word' id='word_1_208' title='bbox 331 2744 515 2819; x_wconf 79' lang='lat' dir='ltr'>pulata</span> <span class='ocrx_word' id='word_1_209' title='bbox 549 2742 796 2805; x_wconf 88' lang='lat' dir='ltr'>iustitiam</span> <span class='ocrx_word' id='word_1_210' title='bbox 839 2751 998 2822; x_wconf 84' lang='lat' dir='ltr'>parit,</span> <span class='ocrx_word' id='word_1_211' title='bbox 1039 2748 1151 2803; x_wconf 87' lang='lat' dir='ltr'>non</span> <span class='ocrx_word' id='word_1_212' title='bbox 1175 2742 1314 2822; x_wconf 78' lang='lat' dir='ltr'>posse</span> <span class='ocrx_word' id='word_1_213' title='bbox 1344 2763 1456 2801; x_wconf 90' lang='lat' dir='ltr'>non</span> <span class='ocrx_word' id='word_1_214' title='bbox 1491 2736 1745 2799; x_wconf 81' lang='lat' dir='ltr'>diffensun</span> <span class='ocrx_word' id='word_1_215' title='bbox 1799 2738 1802 2752; x_wconf 89' lang='lat'>&#39;</span> 
     </span>
     <span class='ocr_line' id='line_1_40' title="bbox 332 2819 1735 2966; baseline -0.006 -78"><span class='ocrx_word' id='word_1_216' title='bbox 332 2845 426 2904; x_wconf 77' lang='lat' dir='ltr'>pet</span> <span class='ocrx_word' id='word_1_217' title='bbox 451 2847 666 2910; x_wconf 76' lang='lat' dir='ltr'>peccata</span> <span class='ocrx_word' id='word_1_218' title='bbox 697 2826 958 2909; x_wconf 82' lang='lat' dir='ltr'>systemati</span> <span class='ocrx_word' id='word_1_219' title='bbox 993 2819 1230 2899; x_wconf 76' lang='lat' dir='ltr'>illatu‘m,</span> <span class='ocrx_word' id='word_1_220' title='bbox 1276 2826 1381 2887; x_wconf 76' lang='lat' dir='ltr'>siue</span> <span class='ocrx_word' id='word_1_221' title='bbox 1412 2830 1735 2966; x_wconf 67' lang='lat' dir='ltr'>praeteritusm</span> 
     </span>
    </p>

    <p class='ocr_par' dir='ltr' id='par_1_9' title="bbox 1684 2927 1737 2970">
     <span class='ocr_line' id='line_1_41' title="bbox 1684 2927 1737 2970; baseline 0.019 -1"><span class='ocrx_word' id='word_1_222' title='bbox 1684 2927 1737 2970; x_wconf 72' lang='lat' dir='ltr'>lu</span> 
     </span>
    </p>
   </div>
  </div>
 </body>
</html>
