1802 3230
40 124 43 126 ’
133 121 480 185 {cantiorum
502 116 561 173 in
587 108 811 171 articulo
841 96 1210 183 descriptura]
1300 105 1418 170 169

591 219 642 287 §-
696 229 844 288 144·

122 319 316 400 Qodsi
337 300 461 398 fier}
485 318 585 391 fine
616 318 822 373 ratione
842 310 945 368 vlla
981 322 1052 362 ros
1068 298 1258 384 potest.-
1300 317 1414 357 non
1437 328 1678 398 Impugnaess

0 394 161 472 bbstat
177 410 469 485 quidquam
485 446 499 469 ,
523 420 633 479 quo
669 401 849 458 minus
879 387 1158 450 auftoritas
1182 384 1415 444 Romani
1439 413 1516 450 tur
1537 397 1694 445 auae·-
1783 392 1787 394 ·

0 555 266 637 ffistentata
287 573 598 632 rationibus,
628 583 786 644 quam
803 560 1056 622 sacrarum
1086 559 1311 636 dignitas
1334 552 1414 609 lit·

10 835 54 893 [2
67 830 174 904 27)
195 828 334 907 Qis
348 842 528 884 autem
551 817 846 898 theologus
858 811 967 870 hoc
986 804 1203 866 dixerit?
1226 805 1426 861 Contra

8 909 153 971 ΪιΓιτιε
175 916 376 968 ratione
394 905 662 964 sufficienti
680 896 979 973 adoptanda
999 912 1111 949 non
1136 885 1207 947 est
1232 911 1245 945 ε
1279 886 1428 964 plura

0 998 61 1058 nb
75 990 184 1072 ipso
200 990 453 1071 pontifice
470 989 792 1049 auROritatis
817 984 1144 1039 documenta
1160 971 1429 1052 alleganda

0 1096 182 1143 rerunt,
211 1097 369 1154 quam
392 1072 538 1131 sacrae
555 1072 769 1148 quidem
795 1067 981 1123 litterae
1007 1052 1428 1119 commonstrare

0 1180 233 1243 nueunt:
273 1156 599 1218 auistoritatis
624 1158 765 1212 enim
789 1148 982 1225 scripto
1017 1143 1258 1202 reuelatae
1285 1135 1430 1198 testi-

0 1244 182 1306 monia
205 1246 379 1304 dubiis
400 1244 635 1300 obnoxia
661 1233 941 1295 contendit
958 1274 971 1296 ,
1012 1231 1207 1308 quibus
1234 1242 1325 1283 aut
1349 1221 1432 1280 su-

0 1335 173 1409 perior
198 1331 357 1387 debet
376 1324 469 1384 effe
494 1319 761 1401 pontificis
790 1317 1069 1377 aul-[ioritas
1085 1356 1098 1378 ,
1146 1328 1237 1368 aut
1264 1306 1428 1365 nulia.

0 1415 199 1473 [Die-am
220 1412 426 1471 clarius,
487 1408 713 1466 Vellicat
741 1397 984 1480 pontifex
1014 1388 1433 1454 naturalistarum

0 1500 180 1557 idubiis
204 1502 230 1564 (
251 1503 403 1565 228)
442 1491 809 1569 scripturarum
841 1484 1210 1544 austoritatem
1228 1515 1244 1544 ,
1291 1473 1435 1534 fuam

0 1587 198 1661 quippe
218 1575 608 1637 substituturus.
672 1569 874 1654 Qodfi
894 1572 1060 1647 igitur
1081 1561 1216 1619 nihil
1231 1562 1330 1633 [ine
1348 1579 1443 1615 ra-

15 1675 142 1723 tione
169 1661 521 1741 adoptandum
543 1679 573 1731 ,·
615 1661 725 1716 iure
741 1656 1054 1732 quaerimus:
1097 1666 1188 1705 aut
1211 1643 1440 1720 superior

0 1744 421 1823 maturalistarum
449 1746 625 1804 dubiis
655 1784 669 1807 ‚
708 1757 827 1816 quae
855 1754 1040 1794 contra
1059 1729 1439 1789 reuelationem

10 1841 181 1914 Vrget,
209 1829 477 1908 pontificis
505 1825 578 1887 est
602 1824 882 1886 anaoritas
900 1864 913 1887 ,
951 1834 1044 1876 aut
1072 1813 1311 1894 aequalis,
1348 1828 1442 1869 aut

17 1917 247 1976 inferior.
301 1918 352 1973 Si
382 1912 610 1991 superior
637 1925 899 1974 vocetur3
939 1921 1059 1962 tum
1083 1918 1196 1958 non
1213 1917 1276 1954 ex
1294 1892 1442 1953 sacris

10 2003 195 2061 ‘litteris
212 2044 227 2068 ,
266 1996 602 2057 inferioribus
617 1996 810 2071 quippe
827 2032 842 2055 ‚
883 1986 968 2045 sed
991 1986 1200 2043 aliunde
1219 1976 1443 2057 pontifi-

8 2092 85 2153 εἰς
99 2085 352 2145 firmanda
365 2080 437 2141 est
457 2075 703 2159 potestaS.
759 2075 900 2151 Qis
930 2088 1110 2129 autem
1128 2066 1331 2130 credat,
1359 2061 1448 2122 vel

7 2191 79 2228 -ex
101 2168 209 2247 ipso
236 2187 379 2245 papae
405 2186 602 2244 regne,
645 2161 792 2238 plura
812 2172 1084 2233 portenta,
1131 2148 1280 2228 plura
1309 2149 1448 2204 vati-

22 2260 281 2312 ciniorum
307 2251 703 2327 complementa
727 2287 740 2310 ,
783 2242 927 2320 plura
951 2239 1043 2295 alia
1061 2255 1159 2313 pro
1184 2228 1454 2310 pontificis

4 2334 273 2418 ipotestate
294 2355 525 2416 pugnare
540 2377 554 2398 ‚
577 2347 736 2411 quam
758 2346 857 2403 pro
884 2322 1028 2381 sacris
1049 2315 1261 2377 litteris?
1286 2334 1446 2393 quam

20 2422 78 2477 id
102 2421 562 2494 commentumfine
584 2419 783 2473 ratione
807 2407 906 2481 est!
941 2405 978 2464 si
997 2403 1208 2481 aequalis
1223 2398 1283 2457 sit
1301 2418 1444 2477 pon-
1523 2437 1533 2447 .

22 2505 172 2564 tificis
199 2500 480 2577 auEkoritas
502 2496 725 2559 auSeviea
745 2495 941 2550 codicis
962 2489 1113 2555 sacri3
1154 2503 1241 2545 tot
1257 2486 1443 2559 vtique

14 2591 192 2647 ¹dnbiie
211 2591 467 2666 premitur
491 2582 589 2660 ipsa
608 2626 620 2647 ,
663 2596 799 2657 quot
824 2577 959 2633 hanc
985 2572 1225 2650 exagitari
1243 2568 1446 2625 calum·

20 2677 192 2753 *niatur
208 2716 221 2737 ,
252 2691 423 2749 eoque
437 2691 499 2726 ex
518 2668 720 2746 propria
741 2656 1029 2737 hypothesi
1052 2653 1308 2712 audienda
1334 2667 1448 2707 non

27 2747 120 2812 est.
193 2759 280 2820 Sin
306 2775 431 2813 vero
456 2751 518 2811 sit
538 2755 646 2809 eius
675 2750 899 2825 dignitas
927 2738 1143 2801 inferior
1169 2733 1449 2797 anastorita-

28 2853 82 2896 te
105 2835 155 2897 S.
177 2839 399 2909 codicis,
420 2858 510 2898 cut
539 2854 652 2895 eam
680 2823 1045 2907 sequeremur?
1073 2842 1165 2885 cur
1200 2834 1453 2880 mouere-

713 2916 757 2977 L
802 2928 831 2988 5
1322 2914 1450 2960 mur

0 3150 123 3230 μ,
171 3212 174 3214 ,

6 489 255 551 *ontificis
268 485 473 548 exsistat
490 528 504 551 ‚
553 502 644 542 aut
663 481 820 539 nullis
837 521 850 543 ,
881 493 973 532 aut
997 493 1109 531 non
1126 491 1236 530 tam
1253 467 1418 527 firmis
1441 469 1557 539 rftaq
1572 474 1692 523 pon-

1439 528 1565 602 ttfiffs
1585 536 1666 600 per

0 677 242 726 netarum,
262 657 430 717 nihilo
447 653 605 712 secius
626 667 804 709 tamen
832 643 1086 704 audienda
1111 660 1128 707 ς
1166 641 1420 715 quoniam
1435 600 1684 721 [ΖῇἒῖΖῇ

10 761 54 803 ,τε
70 746 244 802 diuina
260 743 499 800 credatur
513 777 527 803 ,
546 735 731 793 sufficit
751 776 764 798 ,
796 747 908 787 eam
934 723 1091 801 ipsam
1124 726 1174 779 id
1195 717 1417 778 cauffari.
1446 717 1654 768 rationis.
