1802 3230
490 0 502 54 J

555 121 638 177 De
664 76 888 178 bomine·
1316 119 1395 178 26
1395 132 1438 188 9

29 217 111 290 aii
139 243 312 285 antea.
403 224 444 282 F
448 218 504 281 ae
535 227 712 304 igitur,
731 229 927 282 animas
955 224 1243 284 brutorum
1272 227 1433 281 etiam

42 309 122 371 ost
147 329 380 368 mortem
413 317 656 384 quaedam
680 309 858 365 adhuc
888 305 1102 373 sentire,
1141 308 1440 370 intellefiha·

30 417 81 470 as
105 413 283 453 tamen
318 397 538 469 probare
567 413 679 449 non
702 411 892 467 potes3
946 396 1090 468 atqui
1116 393 1437 451 immortali-

28 473 121 548 athis
144 475 248 544 est,
290 474 445 534 etiam
485 473 603 554 post
637 480 852 535 obitum
883 476 1192 555 intelligere.
1280 475 1435 557 Qid

41 564 151 621 flod
172 565 396 620 dubium
428 560 519 625 fit,
564 562 699 636 anfi?
724 559 996 615 brutorum
1021 562 1201 616 anima
1222 561 1323 639 post
1346 568 1434 614 in·-

80 653 220 726 itqm
254 649 472 722 corporeis
502 664 592 721 pro
623 645 810 718 iisdem
827 645 932 717 sint
959 649 1208 723 agnitum
1239 683 1256 709 ,
1329 664 1435 722 quae

23 734 33 746 ’
61 747 214 788 erunt
254 728 474 785 antehac
503 735 527 784 ἒ
587 728 867 803 Competit
897 729 1065 784 brutis
1105 724 1327 787 facultas
1353 748 1433 786 ra-

26 818 132 881 ioni
151 815 388 893 analoga,
404 833 523 889 quae
545 818 596 869 in
612 809 968 888 expeHatione
988 810 1234 870 firnilium
1257 817 1286 886 (
1296 815 1436 887 346)

34 896 214 959 asuum
245 902 463 973 ponitur
501 918 512 952 :
565 915 687 952 nam
714 899 924 971 quoties
945 898 1063 956 duae
1091 894 1351 952 senfiones
1375 900 1431 952 in

23 988 60 1048 's
85 981 238 1042 simul
255 980 586 1044 exstiterunt,
623 981 756 1037 redit
776 979 933 1036 altera
956 1023 967 1043 ,
995 983 1086 1038 vbi
1114 984 1280 1054 prima
1310 976 1433 1039 fue-

29 1069 67 1124 it
105 1086 288 1124 exorta
326 1067 526 1122 denuo,
613 1068 688 1121 At
715 1063 1045 1128 intelleFtuS,
1081 1066 1131 1119 id
1160 1059 1231 1121 est
1253 1105 1269 1131 ,
1315 1083 1430 1142 pet-

22 1147 258 1224 'picientia
294 1169 460 1206 nexus
498 1152 782 1206 veritatum
828 1152 880 1204 in
920 1151 1072 1205 bruta
1115 1168 1228 1206 non
1271 1148 1433 1207 cadit.

17 1235 220 1292 {abent
258 1237 419 1313 igitur
438 1238 742 1288 memoriam
762 1238 1144 1309 praeteritorum
1165 1271 1181 1298 ,
1233 1254 1264 1289 a
1278 1235 1433 1307 senli-

31 1334 377 1381 uscoortam,
443 1339 538 1372 non
563 1314 626 1372 ab
649 1317 908 1374 intellestu
926 1359 939 1382 ,
983 1317 1036 1373 id
1062 1311 1162 1379 est,
1203 1337 1317 1374 non
1348 1337 1427 1375 re-

29 1404 284 1478 ordantuiss
322 1404 713 1477 praeteritorum
748 1443 763 1466 ‚
825 1398 917 1458 nifi
943 1400 1231 1459 afficiantur
1267 1398 1429 1460 sensa-

25 1489 146 1542 ione
170 1528 183 1552 ,
229 1505 346 1560 quae
370 1486 500 1542 olim
520 1528 532 1548 ,
573 1505 683 1541 non
705 1485 879 1564 logice
896 1526 912 1552 ‚
941 1482 1250 1561 sedphyfice
1267 1484 1430 1544 socia·

17 1589 52 1626 ‘a
73 1567 180 1627 fuit
204 1587 328 1625 curn
354 1589 435 1634 ea,
480 1573 627 1628 cuius
649 1565 1048 1627 reminiscuntur
1076 1590 1089 1625 :
1136 1587 1196 1628 vt
1224 1566 1260 1626 fi
1290 1576 1431 1628 canis

29 1651 278 1731 onspeGko
315 1654 522 1710 domini
562 1652 754 1709 baculo
791 1656 1202 1710 inimemoriam
1239 1657 1429 1713 verbe-

25 1756 115 1794 um
144 1738 340 1796 redeat.
424 1738 504 1794 Ex
531 1734 749 1794 aduerso
773 1743 1033 1794 memoria
1062 1739 1125 1794 ab
1150 1735 1268 1816 ipsis
1302 1739 1428 1798 alie-

38 1841 65 1894 a
88 1816 188 1886 est,
230 1841 347 1896 quae
384 1819 450 1877 ab
483 1818 753 1879 intellefizu
783 1819 1143 1897 proficiscitur.
1229 1821 1428 1902 Neque

30 1891 139 1983 iiim
175 1902 386 1981 poffunt
410 1923 592 1963 exorta
620 1905 855 1981 praesenti
879 1906 1160 1964 sensatione
1186 1906 1429 1985 logicum

39 1993 154 2051 uius
174 2007 371 2046 nexum
388 2008 513 2046 caum
543 1990 635 2046 alia
655 2008 897 2066 percepta
920 1993 1165 2069 detegere
1181 2031 1196 2055 ,
1224 1988 1282 2048 &
1302 2013 1354 2061 v,
1372 2012 1425 2072 g.

15 2074 426 2162 *x'plagisnunc
451 2072 688 2130 toleratis
725 2093 1045 2153 argumento
1075 2076 1318 2153 legitimo
1346 2081 1430 2134 in-

18 2154 129 2215 'e‘rre
175 2161 562 2233 turpitudinem
612 2163 893 2215 criminum
949 2160 1080 2217 olim
1119 2158 1424 2219 commisso-

25 2259 113 2298 um
137 2262 154 2309 ς
199 2246 315 2317 quia
343 2245 597 2298 nimirum
622 2263 788 2300 nexus
814 2241 901 2299 hic
928 2240 1176 2318 physicus
1202 2263 1313 2301 non
1332 2241 1422 2314 est,

24 2332 92 2394 'ec
121 2325 390 2404 plagarum
423 2323 585 2382 sensio
614 2347 738 2386 cum
770 2332 1074 2403 perpetratis
1105 2327 1235 2383 olim
1271 2325 1427 2385 scele-

12 2401 137 2471 'ibus
173 2409 453 2469 coniunE'ta
496 2406 619 2467 fuit.
703 2411 845 2467 Cum
880 2415 1041 2489 igitur
1074 2413 1214 2469 bruti
1253 2416 1426 2473 anima

36 2512 104 2572 9⁶
126 2536 140 2558 ‚
184 2495 334 2571 quod
357 2498 460 2550 iam
490 2498 647 2572 regit,
693 2514 886 2570 corpus
916 2490 1033 2570 post
1063 2514 1298 2553 mortem
1329 2497 1421 2554 de-

11 2632 35 2639 „
73 2595 193 2644 nat3
234 2575 341 2634 fieri
374 2597 486 2633 non
515 2573 688 2655 potest
709 2619 723 2644 ‚
769 2597 830 2637 vt
856 2574 1073 2655 posthac
1097 2578 1287 2636 talibus
1311 2577 1425 2637 sen-

14 2655 278 2723 'a'tionibus
311 2661 591 2725 afficiatur,
644 2668 836 2737 quaein
863 2665 1178 2722 memoriam
1206 2684 1421 2722 reuoca-

24 2762 123 2814 ene
136 2762 257 2801 ante
281 2740 450 2823 gesta:
492 2765 719 2822 corpor-e
746 2752 886 2804 enim
914 2743 1178 2807 destrueto
1211 2745 1422 2825 prorsus

9 2825 261 2888 =iffimiles
298 2832 542 2890 oriuntur
567 2828 847 2892 senfiones.
934 2836 1011 2889 At
1050 2830 1222 2892 horno
1245 2827 1426 2911 potest

666 2945 669 2946 ν
1365 2934 1423 2974 ιιι
