1802 3230
455 138 538 190 De
566 127 938 202 iustificatione.
1262 99 1403 189 *7425*

39 240 156 307 apud
168 238 322 291 Baillet
342 237 422 284 vie
442 232 512 279 des
525 236 678 278 Carus
700 231 823 275 1211.
848 242 891 288 p.
914 238 1015 283 174.
1046 219 1120 268 vbi
1142 217 1406 265 monarchi-

40 323 144 354 cum
176 305 338 352 statum
367 295 528 344 libello
561 293 636 340 suo
655 289 931 338 Hobbefium
962 285 1154 349 probare
1188 280 1404 338 voluisse,

41 370 178 433 idque
196 370 245 414 in
267 363 457 429 gratiam
483 359 648 407 ciuium
665 388 679 411 ‚
701 354 921 418 obseruat.
992 353 1105 395 Non
1125 344 1307 403 desunt,
1327 345 1407 409 qui

43 433 389 481 fundamentum
408 423 578 486 imperii
599 453 615 478 ,
650 419 959 484 speciatimque
983 413 1158 469 diuini,
1194 416 1245 457 in
1264 411 1409 457 excel-

46 501 188 545 lentia
218 507 389 542 naturae
421 498 638 552 quaerunt.
715 484 919 547 Qotum
949 491 1138 525 numero
1171 473 1231 521 est
1254 470 1407 519 Moses

46 558 320 621 Amyraldus
349 553 524 615 differt.
541 551 590 596 de
618 554 712 595 iure
734 547 841 593 DEI
858 550 910 591 in
928 554 1165 590 creaturas.
1230 539 1339 602 Qo
1360 539 1409 584 fle

43 623 213 689 spectat
225 616 482 668 Democriti
500 611 686 662 effatum
706 609 822 673 apud
833 611 966 654 Grot.
982 604 1083 652 libr.
1098 607 1154 651 11.
1167 619 1208 650 c.
1227 620 1301 650 zo.
1317 599 1410 663 §.3.

50 696 160 744 del.
181 698 231 741 Β.
260 695 306 740 &
328 692 378 738 P.
415 686 561 752 Φυσοι
597 701 817 750 παρ’)ριν
858 698 1011 733 οικηιον
1052 696 1125 728 τω
1165 692 1409 746 neaeram.

49 769 226 815 Contra
245 759 510 809 Pufendorf.
535 759 589 805 de
609 762 644 804 I.
656 761 718 803 N.
745 757 855 801 &G.
877 757 924 801 L.
938 756 973 799 Ι.
995 767 1091 811 cap.
1106 754 1149 796 6.
1165 748 1202 810 §.
1218 745 1409 806 9.Hob-

47 829 216 878 befium
240 825 423 873 refutat.
490 827 576 871 Pro
597 806 1061 878 sententiaAmyraldi
1080 814 1215 859 etiam
1239 825 1413 873 pugna-

53 909 150 942 tum
170 892 400 950 inBelgio.
432 884 709 934 vid.Ofiaud.
725 885 1037 929 AntiTurrett.
1060 881 1095 923 Ι.
1110 894 1153 938 p.
1189 878 1287 933 156.
1309 890 1412 931 ¹57·

56 955 213 1022 Infima
235 956 376 1001 radix
392 956 569 1015 imperii
589 952 723 997 omm'ae
746 946 800 1008 est
821 947 1124 992 conuenientia
1137 955 1298 986 rerum.
1348 939 1416 982 Ex

54 1017 375 1069 conuenientia
402 1013 592 1063 nascitur
623 1011 840 1058 summurn
862 1006 1128 1054 beneficium
1150 1001 1418 1056 creationis,

57 1081 412 1132 conseruationis
433 1099 444 1127 :
476 1093 554 1125 cur
575 1078 693 1122 enim
717 1076 870 1120 DEVS
893 1087 979 1118 nos
1001 1067 1170 1115 mactat
1192 1067 1257 1112 bis
1280 1064 1420 1111 bene-

30 1149 172 1201 fficiis
197 1153 212 1192 2
265 1145 368 1208 quia
397 1145 720 1199 conuenientius
752 1138 939 1192 iudicat,
960 1134 1151 1199 gloriam
1175 1129 1417 1183 illustrare,

23 1249 25 1251 .
62 1226 197 1277 quam
227 1225 326 1256 non
346 1207 562 1255 illustrare
585 1238 597 1262 ,
635 1205 737 1265 quia
759 1194 1224 1248 conuenientisfimum
1245 1193 1314 1243 illi
1332 1191 1424 1239 ob-

58 1277 322 1335 temperare.
387 1274 451 1317 Ex
475 1268 694 1316 beneficio
716 1266 804 1315 hoc
826 1263 984 1325 insigni
1006 1263 1097 1308 IVS
1123 1261 1264 1306 oritur
1287 1271 1422 1321 gene-

23 1364 33 1367 „
60 1337 269 1402 raliffime
287 1335 532 1398 speEtatum
552 1366 567 1391 ‚
601 1331 648 1378 id
668 1330 728 1377 est
749 1364 763 1388 ,
787 1329 984 1390 facultas
1002 1325 1163 1388 agendi
1178 1338 1257 1383 pro
1278 1337 1424 1368 rerum

61 1406 385 1452 conuenientia.
444 1399 487 1443 Si
506 1397 578 1443 lex
601 1395 670 1441 vel
691 1394 840 1442 diuina
865 1392 932 1437 vel
955 1390 1145 1436 humana
1162 1386 1428 1432 facultatem

44 1466 231 1515 ,isthanc
264 1462 630 1516 confirmauerit5
672 1455 928 1505 obuersatur
960 1455 1026 1500 ius
1059 1450 1242 1513 speciale
1272 1450 1428 1494 locum

61 1532 181 1578 inter
211 1528 414 1575 homines
439 1540 611 1572 tenens.
676 1520 770 1568 Nifi
795 1519 919 1567 forte
939 1520 1004 1565 ius
1025 1519 1128 1563 DEI
1149 1517 1197 1561 in
1218 1512 1427 1559 homines

27 1593 137 1653 &sua
164 1591 289 1655 ipsius
320 1591 417 1653 lege
444 1587 702 1638 confirmari
729 1585 906 1631 dixeris.
979 1581 1117 1640 Quod
1139 1593 1213 1641 pet
1238 1591 1311 1623 me
1334 1575 1429 1622 fieri

65 1659 190 1706 licet.
260 1656 422 1701 similis
448 1655 566 1701 ratio
593 1651 653 1697 est
676 1647 872 1696 vltronei
894 1643 1124 1693 consensus
1148 1675 1161 1700 ,
1194 1643 1265 1705 qui
1289 1641 1355 1685 ius
1378 1640 1428 1685 in

66 1723 361 1783 imperantem
381 1715 600 1765 transfert.
672 1720 756 1762 Cur
779 1711 1046 1773 constntiun:
1072 1711 1149 1754 vel
1172 1712 1332 1758 tacite,
1358 1704 1436 1750 vel

72 1784 251 1849 expreffe
279 1789 330 1829 in
360 1786 541 1829 alterius·
569 1784 799 1840 imperium
818 1778 843 1823 ἔ
872 1775 973 1836 quia
1000 1773 1041 1818 id
1070 1770 1295 1817 saiutarius
1316 1766 1435 1812 iudi-

73 1863 179 1895 cant
203 1852 219 1893 ἰ
253 1865 329 1894 cur
355 1864 443 1892 non
471 1843 792 1909 refragandum
820 1839 874 1899 est
900 1837 1095 1900 conſsnstc
1115 1836 1249 1895 fimel
1268 1829 1436 1893 fasta?

71 1929 134 1962 ne
172 1910 377 1959 turbetur
403 1908 703 1971 tranquillitas
729 1904 798 1949 vel
818 1916 1019 1956 externa,
1053 1901 1120 1944 vel
1142 1900 1317 1945 interna
1338 1894 1439 1940 ani·

69 1978 137 2024 mi
157 2009 171 2033 ,
209 1989 294 2038 qua
316 1973 388 2019 lex
409 1986 576 2019 naturae
602 1969 875 2017 continetur.
940 1967 1054 2011 Cum
1078 1960 1242 2008 iustitia
1261 1958 1436 2004 dicatur

73 2039 329 2101 benignitas
362 2036 575 2097 sapienter
607 2030 912 2079 administrata
943 2044 957 2082 3
992 2040 1117 2090 patet
1143 2057 1156 2081 ‚
1195 2020 1434 2085 quomodo

78 2110 296 2151 notionem
325 2106 432 2147 iuris
459 2099 728 2161 cognitione
757 2095 985 2155 attingat?
1021 2086 1333 2136 Tumultuario
1358 2084 1431 2130 di-

79 2164 220 2215 scursu
240 2177 346 2210 vtor
366 2195 381 2222 ‚
412 2165 514 2229 quia
531 2177 607 2227 per
628 2159 815 2208 instituti
831 2157 1054 2204 rationem
1075 2150 1349 2200 distinet-iore
1367 2147 1435 2198 vti

79 2246 179 2282 non
200 2230 320 2275 licet.

621 2325 667 2386 §.
717 2339 741 2394 3
763 2339 784 2377 1
803 2338 852 2376 1.
1110 2321 1115 2324 “
1360 2366 1364 2371 ,

124 2488 128 2489 ff
163 2430 480 2492 Reuocanda
494 2425 566 2488 est
588 2425 652 2483 ad
672 2428 913 2480 animum
935 2416 1134 2492 iustitia
1154 2419 1284 2485 idea,
1304 2414 1430 2475 deli·
1461 2438 1705 2502 Exporaetur

59 2537 166 2577 eata
208 2522 260 2575 in
292 2510 743 2572 antecedentibus.
822 2502 910 2563 Est
949 2505 1200 2562 nimirum
1225 2539 1241 2565 ,
1285 2501 1434 2578 quod
1459 2504 1663 2552 vlterim.

57 2604 138 2660 lus
166 2602 334 2659 decies
377 2601 594 2658 monui,
647 2589 938 2670 benignitas·
965 2585 1329 2660 admimstrata
1349 2577 1439 2662 pro

23 2706 200 2741 rerum
227 2684 549 2761 congruitate
565 2679 847 2753 sapienter.
925 2675 1145 2730 Summa
1166 2671 1329 2749 igitur
1362 2672 1447 2725 iu-

25 2765 157 2826 stitia
191 2767 569 2844 benignitatem
596 2775 797 2817 exercet
831 2752 1339 2833 sapientiffirnenon
1358 2748 1440 2808 so-

23 2850 170 2920 lum,
210 2849 296 2912 sed
324 2846 381 2908 ἃ
403 2845 600 2926 semper
623 2861 683 2899 ac
704 2838 1004 2910 certiffime3
1061 2857 1119 2900 vt
1138 2857 1205 2896 ne
1233 2841 1285 2894 in
1321 2853 1435 2892 vno

652 2925 709 2985 D
746 2927 780 2984 d
828 2939 856 2998 5
908 2959 912 2960 ν
988 2998 992 3002 ¹
1087 3001 1091 3002 γ
1325 2915 1440 2979 casu
