<?xml version="1.0" encoding="UTF-8"?>
<!DOCTYPE html PUBLIC "-//W3C//DTD XHTML 1.0 Transitional//EN"
    "http://www.w3.org/TR/xhtml1/DTD/xhtml1-transitional.dtd">
<html xmlns="http://www.w3.org/1999/xhtml" xml:lang="en" lang="en">
 <head>
  <title>
</title>
<meta http-equiv="Content-Type" content="text/html;charset=utf-8" />
  <meta name='ocr-system' content='tesseract 3.04.00' />
  <meta name='ocr-capabilities' content='ocr_page ocr_carea ocr_par ocr_line ocrx_word'/>
</head>
<body>
  <div class='ocr_page' id='page_1' title='image "./philosophiaeleib01canz_0030.png"; bbox 0 0 1802 3230; ppageno 0'>
   <div class='ocr_carea' id='block_1_1' title="bbox 347 88 1388 174">
    <p class='ocr_par' dir='ltr' id='par_1_1' title="bbox 347 88 1388 174">
     <span class='ocr_line' id='line_1_1' title="bbox 347 88 1388 174; baseline 0.005 -22"><span class='ocrx_word' id='word_1_1' title='bbox 347 113 423 152; x_wconf 85' lang='lat'>10</span> <span class='ocrx_word' id='word_1_2' title='bbox 636 96 639 97; x_wconf 42' lang='lat'><em>⁷</em></span> <span class='ocrx_word' id='word_1_3' title='bbox 710 95 832 174; x_wconf 75' lang='lat' dir='ltr'>Cap.</span> <span class='ocrx_word' id='word_1_4' title='bbox 862 88 900 153; x_wconf 73' lang='grc' dir='ltr'>Ῑ.</span> <span class='ocrx_word' id='word_1_5' title='bbox 982 99 1066 153; x_wconf 82' lang='lat' dir='ltr'>De</span> <span class='ocrx_word' id='word_1_6' title='bbox 1093 99 1388 158; x_wconf 76' lang='lat' dir='ltr'><em>Harmonia</em></span> 
     </span>
    </p>
   </div>
   <div class='ocr_carea' id='block_1_2' title="bbox 340 191 1772 697">
    <p class='ocr_par' dir='ltr' id='par_1_2' title="bbox 340 191 1772 697">
     <span class='ocr_line' id='line_1_2' title="bbox 346 191 1772 279; baseline 0.004 -25"><span class='ocrx_word' id='word_1_7' title='bbox 346 196 507 255; x_wconf 85' lang='lat' dir='ltr'>Certe</span> <span class='ocrx_word' id='word_1_8' title='bbox 529 192 566 254; x_wconf 81' lang='lat' dir='ltr'>fi</span> <span class='ocrx_word' id='word_1_9' title='bbox 579 197 823 254; x_wconf 84' lang='lat' dir='ltr'>naturalis</span> <span class='ocrx_word' id='word_1_10' title='bbox 837 191 1099 255; x_wconf 85' lang='lat' dir='ltr'>facultatis</span> <span class='ocrx_word' id='word_1_11' title='bbox 1123 203 1384 279; x_wconf 86' lang='lat' dir='ltr'>cogitatio</span> <span class='ocrx_word' id='word_1_12' title='bbox 1399 216 1451 258; x_wconf 90' lang='lat' dir='ltr'>te</span> <span class='ocrx_word' id='word_1_13' title='bbox 1466 216 1688 275; x_wconf 85' lang='lat' dir='ltr'>mouet,</span> <span class='ocrx_word' id='word_1_14' title='bbox 1709 219 1772 262; x_wconf 88' lang='lat' dir='ltr'>vt</span> 
     </span>
     <span class='ocr_line' id='line_1_3' title="bbox 341 279 1767 364; baseline 0.002 -24"><span class='ocrx_word' id='word_1_15' title='bbox 341 279 511 341; x_wconf 81' lang='lat' dir='ltr'>fidem</span> <span class='ocrx_word' id='word_1_16' title='bbox 529 284 663 339; x_wconf 87' lang='lat' dir='ltr'>inter</span> <span class='ocrx_word' id='word_1_17' title='bbox 679 283 1062 357; x_wconf 85' lang='lat' dir='ltr'>rationemque,</span> <span class='ocrx_word' id='word_1_18' title='bbox 1080 280 1485 341; x_wconf 73' lang='lat' dir='ltr'>comminiscar-is</span> <span class='ocrx_word' id='word_1_19' title='bbox 1501 303 1767 364; x_wconf 83' lang='lat' dir='ltr'>pugnam:</span> 
     </span>
     <span class='ocr_line' id='line_1_4' title="bbox 345 361 1768 443; baseline 0.001 -20"><span class='ocrx_word' id='word_1_20' title='bbox 345 385 442 423; x_wconf 84' lang='lat' dir='ltr'>cur</span> <span class='ocrx_word' id='word_1_21' title='bbox 456 385 565 423; x_wconf 87' lang='lat' dir='ltr'>non</span> <span class='ocrx_word' id='word_1_22' title='bbox 584 364 774 422; x_wconf 88' lang='lat' dir='ltr'>eodem</span> <span class='ocrx_word' id='word_1_23' title='bbox 801 383 1121 443; x_wconf 81' lang='lat' dir='ltr'>argumento</span> <span class='ocrx_word' id='word_1_24' title='bbox 1140 366 1330 427; x_wconf 68' lang='lat' dir='ltr'>duflus</span> <span class='ocrx_word' id='word_1_25' title='bbox 1354 361 1593 427; x_wconf 86' lang='lat' dir='ltr'>sensuum</span> <span class='ocrx_word' id='word_1_26' title='bbox 1623 363 1768 426; x_wconf 88' lang='lat' dir='ltr'>testi-</span> 
     </span>
     <span class='ocr_line' id='line_1_5' title="bbox 342 444 1772 528; baseline 0.001 -20"><span class='ocrx_word' id='word_1_27' title='bbox 342 453 526 508; x_wconf 86' lang='lat' dir='ltr'>monia</span> <span class='ocrx_word' id='word_1_28' title='bbox 540 487 555 511; x_wconf 86' lang='lat'>‚</span> <span class='ocrx_word' id='word_1_29' title='bbox 582 467 679 525; x_wconf 87' lang='lat' dir='ltr'>pro</span> <span class='ocrx_word' id='word_1_30' title='bbox 700 446 951 528; x_wconf 83' lang='lat' dir='ltr'>religione</span> <span class='ocrx_word' id='word_1_31' title='bbox 973 444 1234 516; x_wconf 83' lang='lat' dir='ltr'>facientia.</span> <span class='ocrx_word' id='word_1_32' title='bbox 1255 449 1508 509; x_wconf 76' lang='lat' dir='ltr'>damnas?</span> <span class='ocrx_word' id='word_1_33' title='bbox 1533 455 1660 528; x_wconf 89' lang='lat' dir='ltr'>quin</span> <span class='ocrx_word' id='word_1_34' title='bbox 1684 449 1772 510; x_wconf 70' lang='lat' dir='ltr'>et·&#39;&#39;</span> 
     </span>
     <span class='ocr_line' id='line_1_6' title="bbox 342 529 1762 601; baseline 0.002 -10"><span class='ocrx_word' id='word_1_35' title='bbox 342 537 485 591; x_wconf 86' lang='lat' dir='ltr'>enim</span> <span class='ocrx_word' id='word_1_36' title='bbox 507 529 783 589; x_wconf 83' lang='lat' dir='ltr'>facultates</span> <span class='ocrx_word' id='word_1_37' title='bbox 811 533 1068 591; x_wconf 85' lang='lat' dir='ltr'>naturales</span> <span class='ocrx_word' id='word_1_38' title='bbox 1092 531 1220 601; x_wconf 79' lang='lat' dir='ltr'>sint,</span> <span class='ocrx_word' id='word_1_39' title='bbox 1268 553 1435 593; x_wconf 89' lang='lat' dir='ltr'>nemo</span> <span class='ocrx_word' id='word_1_40' title='bbox 1450 535 1762 595; x_wconf 80' lang='lat' dir='ltr'>mortalium</span> 
     </span>
     <span class='ocr_line' id='line_1_7' title="bbox 340 615 1550 697; baseline 0.002 -22"><span class='ocrx_word' id='word_1_41' title='bbox 340 619 556 697; x_wconf 85' lang='lat' dir='ltr'>negauit</span> <span class='ocrx_word' id='word_1_42' title='bbox 588 635 821 693; x_wconf 85' lang='lat' dir='ltr'>vnquam</span> <span class='ocrx_word' id='word_1_43' title='bbox 859 622 995 687; x_wconf 78' lang='lat'><em>(16)</em></span> <span class='ocrx_word' id='word_1_44' title='bbox 1546 615 1550 618; x_wconf 55' lang='grc'><em>’</em></span> 
     </span>
    </p>
   </div>
   <div class='ocr_carea' id='block_1_3' title="bbox 359 711 1785 1809">
    <p class='ocr_par' dir='ltr' id='par_1_3' title="bbox 370 711 1763 972">
     <span class='ocr_line' id='line_1_8' title="bbox 370 711 1762 781; baseline 0.001 -20"><span class='ocrx_word' id='word_1_45' title='bbox 370 719 497 774; x_wconf 83' lang='lat'><em>(¹4)</em></span> <span class='ocrx_word' id='word_1_46' title='bbox 529 711 638 761; x_wconf 85' lang='lat' dir='ltr'>Vid.</span> <span class='ocrx_word' id='word_1_47' title='bbox 674 719 708 761; x_wconf 92' lang='lat' dir='ltr'>I.</span> <span class='ocrx_word' id='word_1_48' title='bbox 731 718 799 760; x_wconf 83' lang='lat' dir='ltr'>Io.</span> <span class='ocrx_word' id='word_1_49' title='bbox 824 717 870 771; x_wconf 86' lang='grc' dir='ltr'>Ι,</span> <span class='ocrx_word' id='word_1_50' title='bbox 904 731 944 763; x_wconf 86' lang='lat'>1.</span> <span class='ocrx_word' id='word_1_51' title='bbox 971 731 1013 761; x_wconf 83' lang='lat'>2.</span> <span class='ocrx_word' id='word_1_52' title='bbox 1064 715 1160 759; x_wconf 81' lang='lat' dir='ltr'>Das</span> <span class='ocrx_word' id='word_1_53' title='bbox 1192 716 1255 762; x_wconf 82' lang='lat' dir='ltr'>da</span> <span class='ocrx_word' id='word_1_54' title='bbox 1285 734 1381 764; x_wconf 82' lang='lat' dir='ltr'>von</span> <span class='ocrx_word' id='word_1_55' title='bbox 1411 714 1600 781; x_wconf 78' lang='lat' dir='ltr'>Anfang</span> <span class='ocrx_word' id='word_1_56' title='bbox 1629 733 1762 772; x_wconf 79' lang='lat' dir='ltr'>mar,</span> 
     </span>
     <span class='ocr_line' id='line_1_9' title="bbox 403 775 1763 845; baseline -0.001 -18"><span class='ocrx_word' id='word_1_57' title='bbox 403 780 487 827; x_wconf 79' lang='lat' dir='ltr'>das</span> <span class='ocrx_word' id='word_1_58' title='bbox 499 784 590 830; x_wconf 76' lang='lat' dir='ltr'>mir</span> <span class='ocrx_word' id='word_1_59' title='bbox 597 780 774 843; x_wconf 77' lang='lat' dir='ltr'>gehb&#39;ret</span> <span class='ocrx_word' id='word_1_60' title='bbox 783 780 925 827; x_wconf 77' lang='lat' dir='ltr'>haben</span> <span class='ocrx_word' id='word_1_61' title='bbox 937 812 953 835; x_wconf 89' lang='lat'><em>,</em></span> <span class='ocrx_word' id='word_1_62' title='bbox 966 779 1046 826; x_wconf 82' lang='lat' dir='ltr'>das</span> <span class='ocrx_word' id='word_1_63' title='bbox 1059 775 1330 845; x_wconf 76' lang='lat' dir='ltr'>wirgesthen</span> <span class='ocrx_word' id='word_1_64' title='bbox 1342 780 1482 827; x_wconf 81' lang='lat' dir='ltr'>haben</span> <span class='ocrx_word' id='word_1_65' title='bbox 1497 785 1582 828; x_wconf 84' lang='lat' dir='ltr'>mit</span> <span class='ocrx_word' id='word_1_66' title='bbox 1595 779 1763 841; x_wconf 61' lang='lat' dir='ltr'>vnsern</span> 
     </span>
     <span class='ocr_line' id='line_1_10' title="bbox 401 842 1761 906; baseline -0.001 -14"><span class='ocrx_word' id='word_1_67' title='bbox 401 848 572 906; x_wconf 79' lang='lat' dir='ltr'>Augen,</span> <span class='ocrx_word' id='word_1_68' title='bbox 598 846 679 890; x_wconf 80' lang='lat' dir='ltr'>das</span> <span class='ocrx_word' id='word_1_69' title='bbox 692 849 783 892; x_wconf 78' lang='lat' dir='ltr'>wir</span> <span class='ocrx_word' id='word_1_70' title='bbox 794 843 1016 905; x_wconf 77' lang='lat' dir='ltr'>besc&#39;hauet</span> <span class='ocrx_word' id='word_1_71' title='bbox 1035 842 1176 890; x_wconf 79' lang='lat' dir='ltr'>haben</span> <span class='ocrx_word' id='word_1_72' title='bbox 1189 877 1206 899; x_wconf 89' lang='lat'><em>,</em></span> <span class='ocrx_word' id='word_1_73' title='bbox 1232 845 1338 892; x_wconf 81' lang='lat' dir='ltr'>vnd</span> <span class='ocrx_word' id='word_1_74' title='bbox 1352 843 1509 905; x_wconf 65' lang='lat' dir='ltr'>vnse&#39;re</span> <span class='ocrx_word' id='word_1_75' title='bbox 1518 846 1676 892; x_wconf 79' lang='lat' dir='ltr'>Haende</span> <span class='ocrx_word' id='word_1_76' title='bbox 1688 844 1761 891; x_wconf 85' lang='lat' dir='ltr'>be-</span> 
     </span>
     <span class='ocr_line' id='line_1_11' title="bbox 402 906 1495 972; baseline -0.001 -18"><span class='ocrx_word' id='word_1_77' title='bbox 402 909 533 972; x_wconf 80' lang='lat' dir='ltr'>tastet</span> <span class='ocrx_word' id='word_1_78' title='bbox 551 908 693 955; x_wconf 80' lang='lat' dir='ltr'>haben</span> <span class='ocrx_word' id='word_1_79' title='bbox 704 939 721 962; x_wconf 86' lang='lat'><em>,</em></span> <span class='ocrx_word' id='word_1_80' title='bbox 746 925 852 954; x_wconf 86' lang='lat' dir='ltr'>vom</span> <span class='ocrx_word' id='word_1_81' title='bbox 870 906 993 955; x_wconf 74' lang='lat' dir='ltr'>Wort</span> <span class='ocrx_word' id='word_1_82' title='bbox 1017 908 1097 955; x_wconf 54' lang='lat' dir='ltr'>der</span> <span class='ocrx_word' id='word_1_83' title='bbox 1111 909 1264 956; x_wconf 77' lang='lat' dir='ltr'>Lebens</span> <span class='ocrx_word' id='word_1_84' title='bbox 1293 911 1380 957; x_wconf 72' lang='lat' dir='ltr'>dcc.</span> <span class='ocrx_word' id='word_1_85' title='bbox 1404 906 1495 955; x_wconf 66' lang='grc' dir='ltr'>δίε.</span> 
     </span>
    </p>

    <p class='ocr_par' dir='ltr' id='par_1_4' title="bbox 370 969 1781 1342">
     <span class='ocr_line' id='line_1_12' title="bbox 370 969 1781 1034; baseline -0.002 -15"><span class='ocrx_word' id='word_1_86' title='bbox 370 971 508 1034; x_wconf 76' lang='lat'>(15)</span> <span class='ocrx_word' id='word_1_87' title='bbox 541 975 689 1018; x_wconf 85' lang='lat' dir='ltr'>Innuo</span> <span class='ocrx_word' id='word_1_88' title='bbox 715 972 871 1017; x_wconf 86' lang='lat' dir='ltr'>Huetii</span> <span class='ocrx_word' id='word_1_89' title='bbox 904 988 1018 1033; x_wconf 82' lang='lat' dir='ltr'>opus</span> <span class='ocrx_word' id='word_1_90' title='bbox 1044 972 1327 1033; x_wconf 84' lang='lat' dir='ltr'>posthumum</span> <span class='ocrx_word' id='word_1_91' title='bbox 1361 970 1454 1019; x_wconf 90' lang='lat' dir='ltr'>sub.</span> <span class='ocrx_word' id='word_1_92' title='bbox 1497 972 1572 1019; x_wconf 81' lang='lat' dir='ltr'>tit.</span> <span class='ocrx_word' id='word_1_93' title='bbox 1607 969 1781 1017; x_wconf 37' lang='lat' dir='ltr'>Traite&#39;ss</span> 
     </span>
     <span class='ocr_line' id='line_1_13' title="bbox 401 1033 1761 1100; baseline -0.001 -18"><span class='ocrx_word' id='word_1_94' title='bbox 401 1035 745 1100; x_wconf 81' lang='lat' dir='ltr'>philosophique</span> <span class='ocrx_word' id='word_1_95' title='bbox 768 1035 821 1082; x_wconf 87' lang='lat' dir='ltr'>de</span> <span class='ocrx_word' id='word_1_96' title='bbox 855 1036 897 1082; x_wconf 89' lang='lat' dir='ltr'>la</span> <span class='ocrx_word' id='word_1_97' title='bbox 918 1034 1124 1083; x_wconf 81' lang='lat' dir='ltr'>foibleffe</span> <span class='ocrx_word' id='word_1_98' title='bbox 1142 1036 1196 1083; x_wconf 88' lang='lat' dir='ltr'>de</span> <span class='ocrx_word' id='word_1_99' title='bbox 1219 1035 1381 1100; x_wconf 75' lang='lat' dir='ltr'>l&#39;e&#39;sprit</span> <span class='ocrx_word' id='word_1_100' title='bbox 1405 1036 1604 1083; x_wconf 84' lang='lat' dir='ltr'>humain.</span> <span class='ocrx_word' id='word_1_101' title='bbox 1637 1033 1761 1098; x_wconf 76' lang='lat' dir='ltr'>quod</span> 
     </span>
     <span class='ocr_line' id='line_1_14' title="bbox 399 1099 1759 1164; baseline -0.001 -16"><span class='ocrx_word' id='word_1_102' title='bbox 399 1102 448 1148; x_wconf 87' lang='lat'>&amp;</span> <span class='ocrx_word' id='word_1_103' title='bbox 488 1102 743 1164; x_wconf 82' lang='lat' dir='ltr'>germanice</span> <span class='ocrx_word' id='word_1_104' title='bbox 784 1099 953 1148; x_wconf 86' lang='lat' dir='ltr'>versum</span> <span class='ocrx_word' id='word_1_105' title='bbox 994 1116 1019 1146; x_wconf 84' lang='lat' dir='ltr'>a</span> <span class='ocrx_word' id='word_1_106' title='bbox 1065 1100 1262 1164; x_wconf 86' lang='lat' dir='ltr'>quodam</span> <span class='ocrx_word' id='word_1_107' title='bbox 1307 1099 1653 1162; x_wconf 81' lang='lat' dir='ltr'>Wirtemberga</span> <span class='ocrx_word' id='word_1_108' title='bbox 1688 1102 1759 1146; x_wconf 87' lang='lat' dir='ltr'>M.</span> 
     </span>
     <span class='ocr_line' id='line_1_15' title="bbox 397 1162 1760 1228; baseline -0.002 -18"><span class='ocrx_word' id='word_1_109' title='bbox 397 1164 580 1211; x_wconf 84' lang='lat' dir='ltr'>Grossio</span> <span class='ocrx_word' id='word_1_110' title='bbox 604 1197 616 1220; x_wconf 90' lang='lat'>,</span> <span class='ocrx_word' id='word_1_111' title='bbox 651 1181 781 1228; x_wconf 87' lang='lat' dir='ltr'>quem</span> <span class='ocrx_word' id='word_1_112' title='bbox 806 1167 850 1213; x_wconf 74' lang='grc' dir='ltr'>δε</span> <span class='ocrx_word' id='word_1_113' title='bbox 871 1164 1014 1212; x_wconf 88' lang='lat' dir='ltr'>Stolle</span> <span class='ocrx_word' id='word_1_114' title='bbox 1041 1167 1150 1212; x_wconf 87' lang='lat' dir='ltr'>citat</span> <span class='ocrx_word' id='word_1_115' title='bbox 1180 1167 1229 1212; x_wconf 86' lang='lat' dir='ltr'>in</span> <span class='ocrx_word' id='word_1_116' title='bbox 1267 1164 1559 1228; x_wconf 85' lang='lat' dir='ltr'>supplement.</span> <span class='ocrx_word' id='word_1_117' title='bbox 1602 1162 1658 1210; x_wconf 83' lang='lat' dir='ltr'>a&#39;d</span> <span class='ocrx_word' id='word_1_118' title='bbox 1690 1162 1760 1208; x_wconf 89' lang='lat' dir='ltr'>hi-</span> 
     </span>
     <span class='ocr_line' id='line_1_16' title="bbox 397 1228 1760 1292; baseline -0.001 -16"><span class='ocrx_word' id='word_1_119' title='bbox 397 1228 581 1276; x_wconf 80' lang='lat' dir='ltr'>storiam</span> <span class='ocrx_word' id='word_1_120' title='bbox 602 1229 864 1276; x_wconf 78' lang='lat' dir='ltr'>litterariam</span> <span class='ocrx_word' id='word_1_121' title='bbox 879 1262 893 1288; x_wconf 91' lang='lat'>‚</span> <span class='ocrx_word' id='word_1_122' title='bbox 928 1228 1167 1292; x_wconf 79' lang='lat' dir='ltr'>professus,</span> <span class='ocrx_word' id='word_1_123' title='bbox 1188 1228 1227 1276; x_wconf 87' lang='lat' dir='ltr'>se</span> <span class='ocrx_word' id='word_1_124' title='bbox 1242 1230 1407 1279; x_wconf 82' lang='lat' dir='ltr'>nonin</span> <span class='ocrx_word' id='word_1_125' title='bbox 1430 1228 1643 1277; x_wconf 80' lang='lat' dir='ltr'>omnibus</span> <span class='ocrx_word' id='word_1_126' title='bbox 1656 1242 1760 1275; x_wconf 88' lang='lat' dir='ltr'>cum</span> 
     </span>
     <span class='ocr_line' id='line_1_17' title="bbox 392 1291 1685 1342; baseline 0 -2"><span class='ocrx_word' id='word_1_127' title='bbox 392 1293 583 1340; x_wconf 61' lang='lat' dir='ltr'>auctore</span> <span class='ocrx_word' id='word_1_128' title='bbox 602 1291 782 1339; x_wconf 80' lang='lat' dir='ltr'>Groffio</span> <span class='ocrx_word' id='word_1_129' title='bbox 803 1293 966 1341; x_wconf 83' lang='lat' dir='ltr'>facere.</span> <span class='ocrx_word' id='word_1_130' title='bbox 1191 1339 1196 1342; x_wconf 80' lang='grc'>,</span> <span class='ocrx_word' id='word_1_131' title='bbox 1559 1335 1567 1339; x_wconf 29' lang='lat' dir='ltr'>t</span> <span class='ocrx_word' id='word_1_132' title='bbox 1678 1333 1685 1340; x_wconf 87' lang='lat'>.</span> 
     </span>
    </p>

    <p class='ocr_par' dir='ltr' id='par_1_5' title="bbox 359 1356 1785 1809">
     <span class='ocr_line' id='line_1_18' title="bbox 359 1356 1785 1422; baseline -0.003 -17"><span class='ocrx_word' id='word_1_133' title='bbox 359 1357 388 1420; x_wconf 80' lang='grc'>(</span> <span class='ocrx_word' id='word_1_134' title='bbox 408 1360 460 1406; x_wconf 85' lang='lat'>16</span> <span class='ocrx_word' id='word_1_135' title='bbox 476 1361 495 1413; x_wconf 89' lang='lat'><em>)</em></span> <span class='ocrx_word' id='word_1_136' title='bbox 516 1360 698 1420; x_wconf 84' lang='lat' dir='ltr'>Loquor</span> <span class='ocrx_word' id='word_1_137' title='bbox 714 1358 966 1405; x_wconf 70' lang='lat' dir='ltr'>de&#39;senfibus</span> <span class='ocrx_word' id='word_1_138' title='bbox 982 1374 1005 1404; x_wconf 88' lang='lat' dir='ltr'>a</span> <span class='ocrx_word' id='word_1_139' title='bbox 1019 1373 1180 1408; x_wconf 80' lang='lat' dir='ltr'>natura</span> <span class='ocrx_word' id='word_1_140' title='bbox 1189 1358 1387 1417; x_wconf 79' lang='lat' dir='ltr'>tributis,</span> <span class='ocrx_word' id='word_1_141' title='bbox 1399 1356 1454 1406; x_wconf 81' lang='lat' dir='ltr'>de</span> <span class='ocrx_word' id='word_1_142' title='bbox 1466 1356 1624 1422; x_wconf 80' lang='lat' dir='ltr'>quibus</span> <span class='ocrx_word' id='word_1_143' title='bbox 1639 1373 1756 1419; x_wconf 79' lang='lat' dir='ltr'>quae-</span> <span class='ocrx_word' id='word_1_144' title='bbox 1781 1400 1785 1401; x_wconf 12' lang='grc' dir='ltr'><em>γ</em></span> 
     </span>
     <span class='ocr_line' id='line_1_19' title="bbox 394 1421 1757 1481; baseline -0.003 -12"><span class='ocrx_word' id='word_1_145' title='bbox 394 1421 481 1470; x_wconf 86' lang='lat' dir='ltr'>stio</span> <span class='ocrx_word' id='word_1_146' title='bbox 495 1423 555 1468; x_wconf 87' lang='lat' dir='ltr'>est</span> <span class='ocrx_word' id='word_1_147' title='bbox 570 1453 584 1478; x_wconf 90' lang='lat'>‚</span> <span class='ocrx_word' id='word_1_148' title='bbox 607 1423 701 1468; x_wconf 90' lang='lat' dir='ltr'>imo</span> <span class='ocrx_word' id='word_1_149' title='bbox 722 1437 829 1469; x_wconf 81' lang='lat' dir='ltr'>vero</span> <span class='ocrx_word' id='word_1_150' title='bbox 851 1422 933 1469; x_wconf 87' lang='lat' dir='ltr'>effe</span> <span class='ocrx_word' id='word_1_151' title='bbox 945 1423 1093 1470; x_wconf 88' lang='lat' dir='ltr'>debet.</span> <span class='ocrx_word' id='word_1_152' title='bbox 1129 1429 1242 1470; x_wconf 87' lang='lat' dir='ltr'>Non</span> <span class='ocrx_word' id='word_1_153' title='bbox 1258 1423 1312 1471; x_wconf 88' lang='lat' dir='ltr'>de</span> <span class='ocrx_word' id='word_1_154' title='bbox 1326 1422 1533 1479; x_wconf 69' lang='lat' dir='ltr'>sensibus,</span> <span class='ocrx_word' id='word_1_155' title='bbox 1547 1436 1656 1481; x_wconf 88' lang='lat' dir='ltr'>quos</span> <span class='ocrx_word' id='word_1_156' title='bbox 1671 1436 1757 1465; x_wconf 84' lang='lat' dir='ltr'>vo-</span> 
     </span>
     <span class='ocr_line' id='line_1_20' title="bbox 393 1484 1758 1551; baseline -0.001 -18"><span class='ocrx_word' id='word_1_157' title='bbox 393 1498 503 1533; x_wconf 74' lang='lat' dir='ltr'>cant</span> <span class='ocrx_word' id='word_1_158' title='bbox 519 1484 1051 1549; x_wconf 80' lang='lat' dir='ltr'>spirituales,ingeneratis</span> <span class='ocrx_word' id='word_1_159' title='bbox 1066 1504 1141 1551; x_wconf 88' lang='lat' dir='ltr'>per</span> <span class='ocrx_word' id='word_1_160' title='bbox 1152 1488 1324 1551; x_wconf 81' lang='lat' dir='ltr'>spiritus</span> <span class='ocrx_word' id='word_1_161' title='bbox 1336 1488 1479 1534; x_wconf 89' lang='lat' dir='ltr'>diuini</span> <span class='ocrx_word' id='word_1_162' title='bbox 1493 1484 1758 1542; x_wconf 81' lang='lat' dir='ltr'>efficaciam,</span> 
     </span>
     <span class='ocr_line' id='line_1_21' title="bbox 395 1548 1755 1611; baseline -0.001 -13"><span class='ocrx_word' id='word_1_163' title='bbox 395 1552 446 1598; x_wconf 87' lang='lat' dir='ltr'>in</span> <span class='ocrx_word' id='word_1_164' title='bbox 457 1551 615 1597; x_wconf 83' lang='lat' dir='ltr'>animis</span> <span class='ocrx_word' id='word_1_165' title='bbox 627 1551 803 1611; x_wconf 85' lang='lat' dir='ltr'>piorum</span> <span class='ocrx_word' id='word_1_166' title='bbox 817 1551 955 1599; x_wconf 86' lang='lat' dir='ltr'>semet</span> <span class='ocrx_word' id='word_1_167' title='bbox 966 1551 1252 1600; x_wconf 78' lang='lat' dir='ltr'>exserentem.</span> <span class='ocrx_word' id='word_1_168' title='bbox 1310 1552 1463 1600; x_wconf 87' lang='lat' dir='ltr'>Multa</span> <span class='ocrx_word' id='word_1_169' title='bbox 1486 1551 1541 1596; x_wconf 85' lang='lat' dir='ltr'>de</span> <span class='ocrx_word' id='word_1_170' title='bbox 1561 1548 1755 1596; x_wconf 84' lang='lat' dir='ltr'>sensuum</span> 
     </span>
     <span class='ocr_line' id='line_1_22' title="bbox 397 1614 1756 1680; baseline -0.001 -20"><span class='ocrx_word' id='word_1_171' title='bbox 397 1614 688 1661; x_wconf 63' lang='lat' dir='ltr'>diffinit-§lione</span> <span class='ocrx_word' id='word_1_172' title='bbox 705 1617 1013 1674; x_wconf 81' lang='lat' dir='ltr'>internorum,</span> <span class='ocrx_word' id='word_1_173' title='bbox 1046 1631 1450 1680; x_wconf 80' lang='lat' dir='ltr'>externorumque,</span> <span class='ocrx_word' id='word_1_174' title='bbox 1483 1615 1673 1661; x_wconf 53' lang='lat' dir='ltr'>reQene‘</span> <span class='ocrx_word' id='word_1_175' title='bbox 1697 1628 1756 1659; x_wconf 86' lang='lat' dir='ltr'>an</span> 
     </span>
     <span class='ocr_line' id='line_1_23' title="bbox 397 1677 1755 1743; baseline -0.002 -17"><span class='ocrx_word' id='word_1_176' title='bbox 397 1679 548 1726; x_wconf 78' lang='lat' dir='ltr'>secus?</span> <span class='ocrx_word' id='word_1_177' title='bbox 584 1679 656 1724; x_wconf 88' lang='lat' dir='ltr'>alii</span> <span class='ocrx_word' id='word_1_178' title='bbox 676 1679 904 1738; x_wconf 83' lang='lat' dir='ltr'>iudicent,</span> <span class='ocrx_word' id='word_1_179' title='bbox 938 1682 1141 1727; x_wconf 82' lang='lat' dir='ltr'>Poiretus</span> <span class='ocrx_word' id='word_1_180' title='bbox 1162 1681 1349 1729; x_wconf 85' lang='lat' dir='ltr'>tradidit</span> <span class='ocrx_word' id='word_1_181' title='bbox 1365 1713 1378 1738; x_wconf 91' lang='lat'>,</span> <span class='ocrx_word' id='word_1_182' title='bbox 1410 1682 1459 1726; x_wconf 87' lang='lat' dir='ltr'>in</span> <span class='ocrx_word' id='word_1_183' title='bbox 1480 1678 1656 1743; x_wconf 80' lang='lat' dir='ltr'>libello,</span> <span class='ocrx_word' id='word_1_184' title='bbox 1679 1677 1755 1741; x_wconf 81' lang='lat' dir='ltr'>qui</span> 
     </span>
     <span class='ocr_line' id='line_1_24' title="bbox 394 1741 1626 1809; baseline -0.002 -18"><span class='ocrx_word' id='word_1_185' title='bbox 394 1741 677 1792; x_wconf 79' lang='lat' dir='ltr'>inscribitur:</span> <span class='ocrx_word' id='word_1_186' title='bbox 711 1745 832 1792; x_wconf 76' lang='lat' dir='ltr'>Fides</span> <span class='ocrx_word' id='word_1_187' title='bbox 855 1743 911 1802; x_wconf 54' lang='grc' dir='ltr'>ὢν</span> <span class='ocrx_word' id='word_1_188' title='bbox 933 1750 1054 1794; x_wconf 77' lang='lat' dir='ltr'>ratio</span> <span class='ocrx_word' id='word_1_189' title='bbox 1077 1747 1239 1794; x_wconf 70' lang='lat' dir='ltr'>collate</span> <span class='ocrx_word' id='word_1_190' title='bbox 1261 1763 1396 1809; x_wconf 83' lang='lat' dir='ltr'>p.41.</span> <span class='ocrx_word' id='word_1_191' title='bbox 1423 1743 1542 1808; x_wconf 88' lang='lat' dir='ltr'>seqq.</span> <span class='ocrx_word' id='word_1_192' title='bbox 1623 1772 1626 1773; x_wconf 27' lang='grc' dir='ltr'><em>ν</em></span> 
     </span>
    </p>
   </div>
   <div class='ocr_carea' id='block_1_4' title="bbox 959 1841 1142 1903">
    <p class='ocr_par' dir='ltr' id='par_1_6' title="bbox 959 1841 1142 1903">
     <span class='ocr_line' id='line_1_25' title="bbox 959 1841 1142 1903; baseline -0.011 -10"><span class='ocrx_word' id='word_1_193' title='bbox 959 1841 1005 1903; x_wconf 84' lang='lat'>§.</span> <span class='ocrx_word' id='word_1_194' title='bbox 1054 1858 1072 1892; x_wconf 84' lang='lat'>1</span> <span class='ocrx_word' id='word_1_195' title='bbox 1097 1856 1142 1893; x_wconf 74' lang='lat' dir='ltr'>t.</span> 
     </span>
    </p>
   </div>
   <div class='ocr_carea' id='block_1_5' title="bbox 50 1932 1802 2860">
    <p class='ocr_par' dir='ltr' id='par_1_7' title="bbox 50 1932 1758 2606">
     <span class='ocr_line' id='line_1_26' title="bbox 61 1932 1753 2017; baseline -0.007 -16"><span class='ocrx_word' id='word_1_196' title='bbox 61 1947 296 2017; x_wconf 67' lang='lat' dir='ltr'>Distinc&#39;iio</span> <span class='ocrx_word' id='word_1_197' title='bbox 468 1932 953 2008; x_wconf 80' lang='lat' dir='ltr'>Quemadmodum</span> <span class='ocrx_word' id='word_1_198' title='bbox 976 1943 1107 1998; x_wconf 88' lang='lat' dir='ltr'>ratio</span> <span class='ocrx_word' id='word_1_199' title='bbox 1136 1934 1319 1997; x_wconf 86' lang='lat' dir='ltr'>nostro</span> <span class='ocrx_word' id='word_1_200' title='bbox 1350 1934 1753 2011; x_wconf 84' lang='lat' dir='ltr'>sensu-accepta,</span> 
     </span>
     <span class='ocr_line' id='line_1_27' title="bbox 57 2014 1758 2098; baseline -0.001 -22"><span class='ocrx_word' id='word_1_201' title='bbox 57 2023 179 2064; x_wconf 69' lang='lat' dir='ltr'>inter</span> <span class='ocrx_word' id='word_1_202' title='bbox 197 2014 276 2067; x_wconf 73' lang='lat' dir='ltr'>id,</span> <span class='ocrx_word' id='word_1_203' title='bbox 331 2034 604 2096; x_wconf 86' lang='lat' dir='ltr'>nunquam</span> <span class='ocrx_word' id='word_1_204' title='bbox 626 2026 685 2085; x_wconf 91' lang='lat' dir='ltr'>ei,</span> <span class='ocrx_word' id='word_1_205' title='bbox 713 2026 862 2098; x_wconf 88' lang='lat' dir='ltr'>quod</span> <span class='ocrx_word' id='word_1_206' title='bbox 887 2025 1138 2082; x_wconf 84' lang='lat' dir='ltr'>diuinitus</span> <span class='ocrx_word' id='word_1_207' title='bbox 1155 2023 1446 2081; x_wconf 88' lang='lat' dir='ltr'>reuelatum</span> <span class='ocrx_word' id='word_1_208' title='bbox 1465 2017 1553 2084; x_wconf 78' lang='lat' dir='ltr'>est,</span> <span class='ocrx_word' id='word_1_209' title='bbox 1570 2021 1758 2079; x_wconf 89' lang='lat' dir='ltr'>aduer-</span> 
     </span>
     <span class='ocr_line' id='line_1_28' title="bbox 50 2078 1751 2205; baseline -0.002 -44"><span class='ocrx_word' id='word_1_210' title='bbox 50 2078 287 2205; x_wconf 48' lang='lat' dir='ltr'>gss‘zdss‘</span> <span class='ocrx_word' id='word_1_211' title='bbox 329 2098 493 2160; x_wconf 84' lang='lat' dir='ltr'>satur:</span> <span class='ocrx_word' id='word_1_212' title='bbox 535 2108 602 2161; x_wconf 87' lang='lat' dir='ltr'>ita</span> <span class='ocrx_word' id='word_1_213' title='bbox 644 2125 972 2165; x_wconf 80' lang='lat' dir='ltr'>tamennon</span> <span class='ocrx_word' id='word_1_214' title='bbox 1005 2107 1204 2183; x_wconf 83' lang='lat' dir='ltr'>semper</span> <span class='ocrx_word' id='word_1_215' title='bbox 1240 2111 1347 2165; x_wconf 88' lang='lat' dir='ltr'>eius</span> <span class='ocrx_word' id='word_1_216' title='bbox 1371 2103 1751 2179; x_wconf 76' lang='lat' dir='ltr'>sublimitatem</span> 
     </span>
     <span class='ocr_line' id='line_1_29' title="bbox 52 2186 1752 2269; baseline -0.001 -22"><span class='ocrx_word' id='word_1_217' title='bbox 52 2220 212 2255; x_wconf 75' lang='lat' dir='ltr'>eontra</span> <span class='ocrx_word' id='word_1_218' title='bbox 224 2229 303 2259; x_wconf 79' lang='lat' dir='ltr'>ra·</span> <span class='ocrx_word' id='word_1_219' title='bbox 330 2205 519 2264; x_wconf 83' lang='lat' dir='ltr'>aequat.</span> <span class='ocrx_word' id='word_1_220' title='bbox 561 2190 825 2269; x_wconf 84' lang='lat' dir='ltr'>Qamuis</span> <span class='ocrx_word' id='word_1_221' title='bbox 839 2196 976 2250; x_wconf 88' lang='lat' dir='ltr'>enim</span> <span class='ocrx_word' id='word_1_222' title='bbox 994 2198 1124 2251; x_wconf 86' lang='lat' dir='ltr'>ratio</span> <span class='ocrx_word' id='word_1_223' title='bbox 1140 2190 1203 2250; x_wconf 85' lang='lat' dir='ltr'>sit</span> <span class='ocrx_word' id='word_1_224' title='bbox 1218 2186 1564 2268; x_wconf 86' lang='lat' dir='ltr'>perspicientia</span> <span class='ocrx_word' id='word_1_225' title='bbox 1585 2206 1752 2247; x_wconf 83' lang='lat' dir='ltr'>nexus</span> 
     </span>
     <span class='ocr_line' id='line_1_30' title="bbox 50 2272 1752 2336; baseline 0.005 -17"><span class='ocrx_word' id='word_1_226' title='bbox 50 2275 234 2322; x_wconf 78' lang='lat' dir='ltr'>tionem.</span> <span class='ocrx_word' id='word_1_227' title='bbox 329 2275 611 2331; x_wconf 85' lang='lat' dir='ltr'>veritatum</span> <span class='ocrx_word' id='word_1_228' title='bbox 647 2276 918 2334; x_wconf 83' lang='lat' dir='ltr'>naturalis:</span> <span class='ocrx_word' id='word_1_229' title='bbox 950 2277 1117 2336; x_wconf 81' lang='lat' dir='ltr'>nihilo</span> <span class='ocrx_word' id='word_1_230' title='bbox 1137 2274 1294 2333; x_wconf 88' lang='lat' dir='ltr'>secius</span> <span class='ocrx_word' id='word_1_231' title='bbox 1312 2292 1491 2332; x_wconf 87' lang='lat' dir='ltr'>tamen</span> <span class='ocrx_word' id='word_1_232' title='bbox 1518 2272 1604 2332; x_wconf 86' lang='lat' dir='ltr'>vel</span> <span class='ocrx_word' id='word_1_233' title='bbox 1628 2292 1752 2329; x_wconf 83' lang='lat' dir='ltr'>acu·</span> 
     </span>
     <span class='ocr_line' id='line_1_31' title="bbox 328 2352 1747 2432; baseline -0.001 -19"><span class='ocrx_word' id='word_1_234' title='bbox 328 2352 516 2413; x_wconf 80' lang='lat' dir='ltr'>tiffima</span> <span class='ocrx_word' id='word_1_235' title='bbox 550 2359 799 2432; x_wconf 82' lang='lat' dir='ltr'>praeditus</span> <span class='ocrx_word' id='word_1_236' title='bbox 833 2364 1184 2420; x_wconf 56' lang='lat' dir='ltr'>ratione‘non</span> <span class='ocrx_word' id='word_1_237' title='bbox 1229 2355 1610 2418; x_wconf 88' lang='lat' dir='ltr'>animaduertet</span> <span class='ocrx_word' id='word_1_238' title='bbox 1647 2377 1747 2414; x_wconf 91' lang='lat' dir='ltr'>vn-</span> 
     </span>
     <span class='ocr_line' id='line_1_32' title="bbox 323 2440 1749 2518; baseline -0.001 -20"><span class='ocrx_word' id='word_1_239' title='bbox 323 2459 487 2518; x_wconf 87' lang='lat' dir='ltr'>quam</span> <span class='ocrx_word' id='word_1_240' title='bbox 505 2482 521 2507; x_wconf 88' lang='lat'>‚</span> <span class='ocrx_word' id='word_1_241' title='bbox 549 2461 658 2518; x_wconf 88' lang='lat' dir='ltr'>quo</span> <span class='ocrx_word' id='word_1_242' title='bbox 677 2449 918 2503; x_wconf 86' lang='lat' dir='ltr'>veritates</span> <span class='ocrx_word' id='word_1_243' title='bbox 937 2445 1194 2504; x_wconf 84' lang='lat' dir='ltr'>naturales</span> <span class='ocrx_word' id='word_1_244' title='bbox 1212 2445 1387 2501; x_wconf 91' lang='lat' dir='ltr'>modo</span> <span class='ocrx_word' id='word_1_245' title='bbox 1404 2461 1529 2501; x_wconf 88' lang='lat' dir='ltr'>cum</span> <span class='ocrx_word' id='word_1_246' title='bbox 1553 2440 1749 2499; x_wconf 88' lang='lat' dir='ltr'>reuela-</span> 
     </span>
     <span class='ocr_line' id='line_1_33' title="bbox 321 2523 1746 2606; baseline 0.001 -26"><span class='ocrx_word' id='word_1_247' title='bbox 321 2526 390 2580; x_wconf 86' lang='lat' dir='ltr'>tis</span> <span class='ocrx_word' id='word_1_248' title='bbox 408 2523 789 2597; x_wconf 79' lang='lat' dir='ltr'>cohaereant?1d</span> <span class='ocrx_word' id='word_1_249' title='bbox 807 2530 1134 2606; x_wconf 85' lang='lat' dir='ltr'>exploratum</span> <span class='ocrx_word' id='word_1_250' title='bbox 1156 2523 1247 2586; x_wconf 84' lang='lat' dir='ltr'>esse</span> <span class='ocrx_word' id='word_1_251' title='bbox 1264 2526 1654 2606; x_wconf 84' lang='lat' dir='ltr'>probaui‚quod</span> <span class='ocrx_word' id='word_1_252' title='bbox 1674 2524 1746 2582; x_wconf 87' lang='lat' dir='ltr'>al-</span> 
     </span>
    </p>

    <p class='ocr_par' dir='ltr' id='par_1_8' title="bbox 320 2609 1802 2690">
     <span class='ocr_line' id='line_1_34' title="bbox 320 2609 1802 2690; baseline 0.001 -28"><span class='ocrx_word' id='word_1_253' title='bbox 320 2624 445 2665; x_wconf 79' lang='lat' dir='ltr'>terae</span> <span class='ocrx_word' id='word_1_254' title='bbox 459 2609 628 2668; x_wconf 86' lang='lat' dir='ltr'>alteris</span> <span class='ocrx_word' id='word_1_255' title='bbox 651 2631 760 2669; x_wconf 88' lang='lat' dir='ltr'>non</span> <span class='ocrx_word' id='word_1_256' title='bbox 776 2616 1139 2674; x_wconf 88' lang='lat' dir='ltr'>contradicant</span> <span class='ocrx_word' id='word_1_257' title='bbox 1163 2617 1277 2690; x_wconf 91' lang='lat' dir='ltr'>:qui</span> <span class='ocrx_word' id='word_1_258' title='bbox 1301 2631 1480 2672; x_wconf 91' lang='lat' dir='ltr'>autem</span> <span class='ocrx_word' id='word_1_259' title='bbox 1509 2628 1747 2687; x_wconf 83' lang='lat' dir='ltr'>vtraeque</span> <span class='ocrx_word' id='word_1_260' title='bbox 1801 2637 1802 2662; x_wconf 70' lang='lat' dir='ltr'>l</span> 
     </span>
    </p>

    <p class='ocr_par' dir='ltr' id='par_1_9' title="bbox 274 2666 1802 2860">
     <span class='ocr_line' id='line_1_35' title="bbox 274 2666 1802 2772; baseline -0.009 -9"><span class='ocrx_word' id='word_1_261' title='bbox 274 2710 277 2711; x_wconf 45' lang='lat'><em>⁷</em></span> <span class='ocrx_word' id='word_1_262' title='bbox 322 2689 734 2760; x_wconf 65' lang='lat' dir='ltr'>connestantur.</span> <span class='ocrx_word' id='word_1_263' title='bbox 765 2698 906 2772; x_wconf 84' lang='lat'><em>(17)</em></span> <span class='ocrx_word' id='word_1_264' title='bbox 930 2720 956 2756; x_wconf 83' lang='lat' dir='ltr'>a</span> <span class='ocrx_word' id='word_1_265' title='bbox 989 2699 1297 2757; x_wconf 87' lang='lat' dir='ltr'>mortalium</span> <span class='ocrx_word' id='word_1_266' title='bbox 1328 2700 1570 2761; x_wconf 82' lang='lat' dir='ltr'>nemine,</span> <span class='ocrx_word' id='word_1_267' title='bbox 1591 2691 1748 2762; x_wconf 51' lang='lat' dir='ltr'>theo&lt;</span> <span class='ocrx_word' id='word_1_268' title='bbox 1775 2666 1802 2738; x_wconf 73' lang='lat' dir='ltr'>-l</span> 
     </span>
     <span class='ocr_line' id='line_1_36' title="bbox 319 2774 1770 2860; baseline -0.005 -20"><span class='ocrx_word' id='word_1_269' title='bbox 319 2774 461 2857; x_wconf 22' lang='lat'>1030-</span> <span class='ocrx_word' id='word_1_270' title='bbox 501 2785 844 2856; x_wconf 73' lang='lat' dir='ltr'>quantumuis</span> <span class='ocrx_word' id='word_1_271' title='bbox 897 2780 1439 2852; x_wconf 83' lang='lat' dir='ltr'>consummatislimo,</span> <span class='ocrx_word' id='word_1_272' title='bbox 1489 2780 1770 2860; x_wconf 36' lang='lat' dir='ltr'>peruideri*</span> 
     </span>
    </p>
   </div>
   <div class='ocr_carea' id='block_1_6' title="bbox 1550 2857 1764 2941">
    <p class='ocr_par' dir='ltr' id='par_1_10' title="bbox 1550 2857 1764 2941">
     <span class='ocr_line' id='line_1_37' title="bbox 1550 2857 1764 2941; baseline -0.005 -20"><span class='ocrx_word' id='word_1_273' title='bbox 1550 2857 1764 2941; x_wconf 83' lang='lat' dir='ltr'>potest.-</span> 
     </span>
    </p>
   </div>
  </div>
 </body>
</html>
