1802 3230
56 111 58 114 .
89 134 93 137 Δ
153 114 327 196 sistens
353 117 411 175 in
433 120 588 176 artic,
617 112 683 174 de
695 112 1152 196 pradestinationes
1295 132 1408 192 397

60 232 162 292 us,
185 241 246 283 vt
281 226 510 282 immota
535 220 793 282 manfiffet
809 221 1015 304 glacies,
1075 222 1216 279 Cum
1244 232 1408 282 euan-

45 307 320 389 licigratiae
335 303 490 365 resisti
506 301 644 382 poss'e
666 309 892 370 docent,
920 302 1276 383 &aliquando
1293 329 1411 368 non

32 388 168 468 sisti,⁴
201 396 272 450 ita
302 394 553 470 quidem,
592 410 653 449 vt
684 394 754 450 ab
782 391 878 449 bac
909 392 1219 449 conditione
1244 412 1407 450 euen-

40 469 93 557 gn
121 473 291 537 salutis
321 473 659 552 suspendant3
700 495 766 533 an
791 475 912 533 inde
945 471 1200 550 sequitur,
1246 479 1400 553 quod

54 561 203 617 ‘erum
245 563 519 618 arbitrium
562 558 766 619 afflone
810 554 1031 633 pofitiua
1077 562 1408 619 emendatio-

48 663 101 701 m
133 663 455 720 promoueat
474 640 491 698 ἓ
507 642 641 699 Νοη
662 678 682 689 -
703 639 985 700 resistendo
1013 640 1155 700 haud
1179 647 1410 721 agimus,

30 730 66 785 vdv
99 730 360 791 saionem
401 730 755 784 contumaciae
793 725 1100 782 vlteriorem
1142 723 1406 804 suspendi-

25 816 119 868 ms.
148 882 150 886 y
201 812 336 870 Non
376 806 596 867 resistere
621 852 635 876 ,
691 808 823 867 fines
850 813 1039 866 virium
1068 851 1082 873 ,
1134 829 1246 866 non
1274 816 1410 870 vires·

34 890 102 952 sas
128 899 317 975 arguit.
379 903 466 951 An
486 893 857 972 non-agendo
873 888 1111 972 agimus?
1134 891 1406 954 Absurde!

30 984 119 1055 qui
149 981 200 1035 id
227 977 342 1036 fieri
354 980 541 1039 debet.
579 973 616 1032 sl
638 994 1021 1056 argumentum
1055 993 1212 1032 tuum
1233 975 1403 1036 claris·

73 1083 101 1120 e
144 1063 307 1120 Vite!
371 1080 554 1119 contra
589 1059 905 1118 aduersarios
944 1059 1155 1118 valeret.
1211 1060 1403 1143 Dirige

24 1154 134 1218 ‚itur
157 1147 259 1205 tela
280 1149 332 1202 in
348 1145 687 1224 Pelagianos,
717 1141 1173 1224 semipelagianos,
1215 1141 1273 1202 ὅ(
1293 1150 1396 1205 Ar-

20 1234 236 1288 sinianos
251 1274 265 1296 ‚
305 1234 396 1307 qui
422 1229 683 1289 afflonem
699 1230 965 1306 quandam
990 1225 1225 1285 hominis
1241 1248 1401 1289 natu-

27 1315 131 1372 lem
166 1319 219 1370 in
259 1317 564 1390 operatione
597 1314 818 1390 Spiritus
848 1314 900 1369 S.
927 1315 1242 1370 interuenire
1268 1335 1402 1372 con·

22 1400 211 1456 :ndunt
230 1439 244 1463 ,
269 1417 381 1454 non
410 1414 593 1454 contra
607 1395 968 1476 euangelicos,
1009 1399 1099 1473 qui
1126 1399 1398 1458 conditio·

20 1502 95 1542 em
120 1478 288 1539 salutis
314 1485 366 1538 in
394 1503 489 1536 non
504 1480 693 1560 agendo
716 1498 946 1557 ponunt.
979 1476 1165 1557 (461)

19 1589 155 1652 2461)
191 1589 346 1637 Simile
371 1587 425 1635 de
449 1587 591 1650 glacie
613 1588 717 1636 ideo
742 1588 926 1636 adhibui
946 1622 962 1648 ‚
994 1591 1209 1654 quoniam
1230 1604 1288 1639 e'o
1307 1590 1406 1639 vsus

31 1653 92 1716 est
117 1653 360 1701 Leibnitius
395 1653 444 1698 in
471 1650 642 1714 praefat.
671 1653 827 1700 theod.
852 1670 896 1716 p.
919 1671 981 1700 m.
1006 1672 1084 1714 47.
1116 1658 1160 1701 &
1184 1658 1404 1716 quoniam

33 1735 96 1767 ex.
115 1735 171 1766 eo
197 1717 392 1781 intelligi
415 1716 560 1780 potest
582 1749 596 1773 ,
634 1735 726 1781 quae
747 1734 871 1764 mens
898 1720 975 1765 viri
998 1719 1174 1766 illustris
1195 1717 1334 1767 fuerit
1354 1722 1405 1767 in

33 1784 116 1832 hac
144 1783 353 1830 dodffina
376 1814 391 1839 ,
426 1796 485 1826 an
507 1780 765 1845 reformatis
791 1781 978 1829 adscribi
1005 1782 1166 1845 possit,
1194 1785 1268 1848 qui
1290 1800 1403 1847 pro-

31 1848 186 1896 fitetur
207 1879 223 1905 ‚
253 1847 470 1894 hominem
492 1864 580 1892 non
602 1846 819 1909 resistendo
834 1853 1040 1911 gratiam
1059 1849 1323 1904 admittere,
1351 1847 1404 1902 ὅ

29 1911 250 1976 refistendo
276 1916 481 1963 amit-tere
521 1924 561 1956 c,
584 1910 616 1955 l.
648 1910 769 1971 quod
795 1926 931 1955 nemo
957 1909 1311 1959 reformatorum
1332 1912 1406 1959 di-

33 1980 104 2036 xit
136 1991 351 2038 vnquam.
429 1974 560 2019 Plura
595 1973 800 2020 dabimus
837 1977 883 2019 in
915 1973 1000 2039 seq.
1023 1973 1224 2021 discursu.
1301 1976 1406 2024 Non

33 2039 214 2104 refistere
253 2038 419 2101 duplici
455 2035 572 2083 sensu
610 2037 774 2084 dicitur
804 2055 817 2085 e
860 2038 930 2083 vel
965 2039 1053 2085 hoc
1074 2071 1088 2094 ‚
1124 2051 1173 2083 vt
1207 2037 1405 2102 pofiriuo

32 2106 137 2156 ‚aclu
162 2103 497 2150 contumaciam
523 2115 734 2148 coortam
757 2100 900 2149 homo
921 2101 1003 2148 suis
1029 2103 1196 2149 viribus
1219 2104 1406 2157 vincat3

30 2184 126 2233 quo
163 2166 410 2231 significatu
439 2168 487 2210 in
517 2165 751 2212 hominem
775 2181 874 2213 non
897 2166 1049 2214 cadit:
1086 2166 1153 2212 vel
1176 2168 1405 2224 innuitur,

24 2248 83 2291 *vt
110 2233 253 2278 homo
284 2231 334 2276 in
367 2245 492 2276 certo
522 2228 792 2276 obluaandi
818 2230 957 2288 gradu
980 2244 1158 2277 tantum
1178 2229 1399 2288 subfistat,

31 2312 83 2342 vt
105 2297 248 2358 gratia
269 2293 442 2356 spiritus
469 2293 541 2339 hic
564 2295 608 2340 ὅ(
629 2309 750 2340 nunc
773 2293 970 2341 afficiens
994 2296 1140 2341 maior
1163 2296 1208 2341 ὃς
1232 2293 1406 2343 fortior

27 2359 84 2408 fir
119 2360 198 2405 illa
226 2358 452 2422 resistendi
483 2359 560 2413 vi;
620 2373 712 2421 quo
751 2357 869 2405 sensu
905 2358 1081 2405 homini
1114 2357 1408 2406 tribuendum

29 2425 106 2471 est.
177 2423 341 2469 Pendet
362 2423 501 2484 igitur
523 2420 632 2467 salus
655 2437 753 2468 non
777 2421 832 2469 ab
857 2420 1018 2469 arcana
1040 2421 1306 2480 voluntate,
1325 2438 1403 2469 ra-

23 2487 233 2548 tionibus
263 2488 312 2532 in
341 2487 469 2531 DEO
507 2484 605 2532 solo
634 2486 889 2548 'quaerendis
914 2519 927 2543 ,
971 2486 1042 2533 sed
1078 2501 1104 2532 a
1134 2487 1405 2534 conditione

16 2551 229 2599 ¹hominis
249 2584 263 2607 ,
300 2554 344 2596 δι
379 2548 527 2617 gradu
549 2546 771 2596 refistendi
791 2582 805 2607 ,
834 2551 881 2596 id
909 2549 969 2596 est
988 2583 1003 2609 ‚
1037 2565 1064 2596 a
1086 2551 1264 2597 ratione
1286 2551 1405 2598 obie—

0 2629 1 2651 1
31 2618 167 2663 δέκα.
235 2618 342 2662 Duo
365 2614 410 2660 h.
428 2613 460 2661 l.
484 2612 739 2675 inuestigari
766 2613 960 2677 pofl'unt.
1027 2617 1121 2660 Cur
1139 2615 1309 2679 gradum
1331 2633 1405 2661 re-

0 2676 200 2744 1fistendi
232 2679 538 2742 tantoperesin
569 2678 743 2742 diuersis
778 2679 1027 2725 hominibus
1056 2683 1213 2725 variet
1233 2681 1257 2727 ?
1288 2695 1403 2741 prae·

29 2751 153 2789 *terea
185 2755 373 2806 quantus
400 2741 471 2805 effe
496 2741 679 2796 debeat,
717 2755 773 2790 vt
795 2748 927 2789 irrito
951 2741 1100 2806 effec‘i‘u
1120 2747 1283 2806 gratia
1305 2756 1404 2805 ope-

30 2805 167 2853 tetur.
241 2809 437 2853 Primum
473 2804 639 2850 decidit
662 2806 908 2852 Leibnitius
942 2807 972 2852 l.
997 2822 1038 2852 c.
1076 2807 1405 2869 pronuntians,

31 2868 302 2921 varietatem
339 2872 464 2921 illam
497 2869 928 2931 circumstantiarum
955 2904 973 2926 ,
1014 2876 1069 2920 in
1101 2870 1251 2933 quibus
1265 2869 1407 2995 sbomo

1190 2948 1274 2982 ver
1294 2942 1406 2988 etur,
