1802 3230
189 136 218 157 f

56 250 292 320 -r’heologia
312 261 474 311 cuneta
499 279 610 326 pene
632 246 835 328 misteria
857 269 994 316 exesse
1016 267 1138 316 iubet
1154 284 1194 330 p.
1214 285 1287 328 ις.
1304 269 1421 337 seqq.

60 322 181 367 cuius
208 322 473 374 sententiam
503 326 656 375 forsan
690 330 806 376 infra
835 346 1098 393 tangemm.
1147 336 1258 389 Sunt
1283 353 1421 397 porro

25 438 28 441 v
59 383 161 434 huic
194 402 382 435 numero
417 390 651 451 addendi,
702 392 885 441 infamis
913 398 1108 458 Spinoza
1142 397 1189 442 in
1222 401 1418 447 traOE‘tatu

56 446 545 514 theologico-politico
569 455 622 502 de
646 444 855 503 libertate
873 459 1134 520 cogitandi:
1185 462 1419 510 Antonius

50 511 294 572 collinus,
316 518 541 564 recentior
567 519 782 581 scriptor,
819 523 893 584 qui
927 523 981 570 de
1004 524 1156 569 eadem
1179 526 1418 587 cogitandi

58 573 268 623 libertate
304 595 636 629 commentatus
670 581 730 629 est
753 584 932 634 Gallico
956 586 1149 650 scripto:
1198 593 1298 648 'nec
1318 607 1420 639 non

54 639 124 685 lo.
165 642 399 690 Tolandus
441 646 502 692 ¹in
554 645 673 692 libro
694 677 709 703 ,
761 664 852 711 quo
898 650 1177 698 christianam
1220 652 1416 716 discipli..

55 717 162 748 narn
185 704 376 766 mysterii
397 722 621 771 expertem
645 709 725 756 ess'e
751 712 940 773 probare
962 714 1122 761 voluit.
1187 716 1413 778 Aliquan-

27 809 29 811 μ
53 777 154 813 tum
166 767 222 814 ab
244 769 439 827 his‚non
451 772 645 820 multum
667 787 836 833 tamen,
851 776 1094 835 differunt,
1117 780 1190 842 qui
1212 779 1414 840 philoso-

53 829 245 892 phorum
267 832 405 889 sectas
429 850 625 883 veterum
650 853 752 884 cum
773 838 986 901 scriptura
998 844 1041 888 S.
1070 844 1312 890 conciliare
1322 844 1414 892 stu-

53 892 189 952 dent,
223 896 298 943 etfi
321 898 455 945 finem
478 898 686 965 consequi
705 917 960 965 nequeant,
994 906 1084 951 eius
1107 907 1242 954 verba
1255 907 1421 963 detor-⁷.

51 972 193 1019 quent
204 964 538 1027 {mentemque
550 978 859 1028 corrumpunt.
889 969 1156 1018 Vid.Budd.
1184 969 1408 1022 obseruat.

53 1021 109 1082 de
131 1019 413 1082 syncretismo
449 1026 699 1090 philosoph.
733 1043 848 1078 torn.
871 1035 949 1080 ΙΙΙ.
990 1032 1162 1082 obseru.
1196 1052 1265 1082 η.
1289 1034 1410 1100 seqq.

51 1099 96 1146 p.
113 1096 216 1142 218.
258 1092 376 1135 ‘Nec
398 1094 724 1152 praetereundue
745 1094 944 1143 medicus
969 1097 1296 1146 Amstelodam.
1321 1104 1412 1148 Lu.

50 1146 160 1193 dou.
184 1151 328 1197 Meier
347 1184 362 1210 ‚
411 1155 486 1217 qui
514 1155 672 1202 audlor
694 1156 775 1203 effe
799 1157 1055 1221 perhibetur
1076 1164 1412 1214 exercitationis

48 1212 314 1272 paradoxae:
331 1217 607 1281 philosophia
615 1223 846 1283 scriptura
867 1229 1098 1289 interpres.
1120 1226 1207 1272 vid.
1222 1229 1411 1278 Henrici

46 1272 272 1338 Ludolph.
288 1280 537 1327 Benthemii
558 1285 865 1351 Kirchenstaat
885 1291 1117 1347 Hollands,
1151 1293 1198 1336 P.
1213 1294 1269 1341 Π.
1283 1296 1407 1343 C.11.

17 1343 21 1346 “
46 1335 138 1398 §.50
154 1345 278 1402 p.60.
292 1344 499 1391 Wolfius
512 1348 717 1394 Manich.
737 1364 842 1396 ante
853 1353 1235 1401 Manichaeismum
1250 1374 1319 1418 p.3
1335 1368 1409 1416 58.

45 1404 101 1448 In
127 1421 177 1452 ea
198 1422 374 1470 quoque
393 1409 587 1470 peruersa
610 1410 827 1460 sententia
856 1415 915 1462 est
930 1417 1203 1475 Chauuinus,
1228 1419 1282 1465 de
1302 1423 1408 1467 reli-

46 1465 186 1528 gione
208 1472 432 1530 naturali,
477 1490 609 1536 quem
646 1476 901 1524 confutauit
922 1480 1125 1527 Buddeus
1156 1483 1204 1528 in
1233 1499 1407 1547 pai-erg.

45 1547 91 1593 Ρ.
112 1550 216 1593 509.
251 1535 360 1582 item
384 1536 574 1583 Lockius
603 1539 651 1583 in
681 1537 845 1600 scripto
879 1543 1054 1604 anglice
1083 1543 1236 1601 edito,
1283 1549 1408 1608 quod

50 1596 233 1643 titulum
255 1598 373 1645 hunc
393 1615 478 1661 prae
499 1601 540 1646 se
577 1600 667 1648 fert
703 1603 758 1649 de
786 1608 1163 1655 rationabilitate.
1232 1612 1405 1672 Scripta

46 1659 217 1707 eristica
241 1662 402 1723 gallice
435 1664 577 1711 edidit
603 1665 802 1714 Clericus
835 1672 956 1717 anno
990 1689 1123 1733 1703.
1157 1675 1207 1721 in
1243 1683 1285 1732 8.
1314 1678 1402 1723 &c-

46 1724 137 1785 ὅτε.
158 1722 385 1786 supersunt
406 1727 654 1786 innumera,
672 1748 764 1794 quae
788 1748 885 1779 non
906 1735 1085 1782 addam.

10 1809 92 1868 (z)
120 1809 416 1858 Notiffimum
428 1812 507 1870 est,
524 1812 814 1875 philosophos
834 1832 859 1863 a
877 1819 1157 1866 Tertulliano
1172 1819 1408 1869 haeretico-

42 1887 146 1918 rum
160 1874 430 1934 patriarchas
449 1879 678 1925 vocitatos
700 1877 823 1926 fuiffe
837 1912 850 1938 ‚
886 1881 940 1927 de
966 1899 1054 1945 quo
1078 1883 1219 1931 effato
1236 1886 1405 1933 Adami

43 1935 368 2001 Rechenbergii
387 1940 528 1988 exstat
552 1941 810 1990 dissertatio.
874 1945 1171 1994 Accusatur&
1194 1952 1415 1997 aRorna-‘

41 1998 249 2047 nenfibus
282 2003 495 2051 Lutherus
520 2037 535 2060 ,
583 2007 707 2068 quod
752 2007 1074 2070 philosophiam
1123 2012 1405 2061 damnauerit

43 2078 246 2111 omnem.
289 2065 381 2113 vid.
396 2068 652 2115 Heumanni
675 2070 774 2116 adia
787 2072 1036 2135 philosoph.
1057 2076 1104 2120 P.
1119 2078 1175 2121 X.
1191 2080 1398 2126 num.IH.

41 2143 88 2190 p.
107 2143 212 2187 579.
276 2131 516 2177 Fanaticos·
536 2147 680 2179 autem
714 2133 987 2196 potiffimum
1011 2138 1059 2183 in
1083 2138 1196 2185 hanc
1220 2139 1402 2187 senten-

42 2191 182 2248 tiam,
217 2193 609 2257 quaephilosophiae
630 2195 750 2243 usum
775 2198 1034 2258 proscribit,
1069 2218 1253 2266 eamque
1265 2204 1399 2250 theo-

40 2253 175 2317 logiae
192 2257 417 2305 aduersam
442 2260 523 2306 esse
546 2260 706 2318 docet,
728 2261 871 2320 inisse,
903 2266 1059 2311 notius
1082 2265 1140 2311 est
1154 2299 1167 2323 ,
1196 2284 1326 2330 quam
1349 2282 1401 2315 vt

41 2333 68 2364 a
93 2334 163 2364 me
191 2320 287 2381 heic
320 2325 513 2369 enarrari
548 2322 723 2371 debeat.
789 2328 955 2373 Poireti
977 2331 1093 2375 enim
1131 2348 1172 2377 v.
1189 2348 1231 2394 g.
1258 2332 1397 2388 liber,

33 2383 116 2444 'qui
139 2382 390 2432 inscribitur
405 2389 509 2446 fides
536 2386 592 2441 &0
616 2395 736 2435 ratio
758 2392 943 2448 collata,
978 2393 1097 2439 testis
1120 2395 1209 2446 eius
1233 2396 1296 2441 rei
1317 2395 1399 2442 effe

40 2447 213 2507 potest:
262 2464 455 2513 namque
486 2452 533 2497 in
570 2465 623 2496 eo
652 2453 715 2498 ita
748 2453 961 2501 refutauit
988 2458 1206 2505 Lockium
1225 2492 1240 2517 ‚
1265 2474 1316 2506 vt
1349 2461 1399 2508 in

23 2512 319 2566 'contrarium
339 2514 570 2561 incurrerit
598 2531 808 2563 errorem.
874 2518 1116 2567 Historiam
1141 2525 1400 2581 certaminis

37 2573 369 2622 Hofmanniani
401 2578 698 2630 ‚Helmstadiae
743 2581 938 2630 recenset
977 2598 1132 2645 praeter
1176 2587 1290 2632 alios
1323 2591 1394 2633 10.

36 2637 269 2685 Hermann
280 2639 336 2686 ab
350 2640 551 2689 Elsvvich
578 2643 630 2688 de
655 2645 775 2690 varia
790 2646 1100 2696 Aristotelisin
1112 2647 1271 2704 scholis
1284 2667 1394 2714 pro-

38 2700 294 2750 testantium
316 2702 518 2753 fortuna.
556 2703 599 2770 ᾗ.
618 2710 806 2756 XXVII.
831 2728 874 2772 p.
892 2716 969 2767 76.

0 2763 98 2826 5(3)
131 2767 259 2811 Nolo
285 2769 393 2814 certi
419 2770 523 2833 quid
538 2771 744 2827 definire3
792 2788 874 2821 nec
895 2778 1013 2823 enim
1038 2777 1083 2822 id
1105 2778 1304 2840 possum,
1339 2780 1397 2824 li-

37 2842 107 2876 cet
126 2845 309 2881 menon
328 2831 593 2897 fugiat,effe‚
610 2834 682 2897 qui
698 2837 822 2885 malis
840 2836 1151 2902 suspicionibus
1164 2844 1394 2889 ancl-orem

615 2902 656 2951 A
692 2918 714 2946 ι
966 2909 994 2935 <2
1177 2920 1386 2963 onerent,

92 3035 117 3059 Q

355 166 581 221 rationis
605 184 728 221 cum
757 168 1090 242 reuelatiofge.
1393 194 1419 247 3
1458 169 1460 171 ’
1520 170 1526 174 ”
