<?xml version="1.0" encoding="UTF-8"?>
<!DOCTYPE html PUBLIC "-//W3C//DTD XHTML 1.0 Transitional//EN"
    "http://www.w3.org/TR/xhtml1/DTD/xhtml1-transitional.dtd">
<html xmlns="http://www.w3.org/1999/xhtml" xml:lang="en" lang="en">
 <head>
  <title>
</title>
<meta http-equiv="Content-Type" content="text/html;charset=utf-8" />
  <meta name='ocr-system' content='tesseract 3.04.00' />
  <meta name='ocr-capabilities' content='ocr_page ocr_carea ocr_par ocr_line ocrx_word'/>
</head>
<body>
  <div class='ocr_page' id='page_1' title='image "./philosophiaeleib01canz_0039.png"; bbox 0 0 1802 3230; ppageno 0'>
   <div class='ocr_carea' id='block_1_1' title="bbox 258 151 1403 236">
    <p class='ocr_par' dir='ltr' id='par_1_1' title="bbox 258 151 1403 236">
     <span class='ocr_line' id='line_1_1' title="bbox 258 151 1403 236; baseline -0.009 -11"><span class='ocrx_word' id='word_1_1' title='bbox 258 181 260 184; x_wconf 77' lang='grc'>’</span> <span class='ocrx_word' id='word_1_2' title='bbox 311 151 684 225; x_wconf 55' lang='lat' dir='ltr'>ratiam‘tcnm</span> <span class='ocrx_word' id='word_1_3' title='bbox 708 159 1039 219; x_wconf 71' lang='lat' dir='ltr'>reuelatione.&#39;</span> <span class='ocrx_word' id='word_1_4' title='bbox 1326 186 1403 236; x_wconf 82' lang='lat'>19</span> 
     </span>
    </p>
   </div>
   <div class='ocr_carea' id='block_1_2' title="bbox 28 256 1412 718">
    <p class='ocr_par' dir='ltr' id='par_1_2' title="bbox 28 256 1412 718">
     <span class='ocr_line' id='line_1_2' title="bbox 28 256 1404 328; baseline -0.008 -7"><span class='ocrx_word' id='word_1_5' title='bbox 28 256 223 328; x_wconf 9' lang='lat' dir='ltr'>ationis,</span> <span class='ocrx_word' id='word_1_6' title='bbox 252 283 282 316; x_wconf 82' lang='lat' dir='ltr'>a</span> <span class='ocrx_word' id='word_1_7' title='bbox 308 269 423 315; x_wconf 85' lang='lat' dir='ltr'>curis</span> <span class='ocrx_word' id='word_1_8' title='bbox 445 266 514 312; x_wconf 81' lang='lat' dir='ltr'>his</span> <span class='ocrx_word' id='word_1_9' title='bbox 536 263 747 311; x_wconf 85' lang='lat' dir='ltr'>omnibus</span> <span class='ocrx_word' id='word_1_10' title='bbox 770 263 924 309; x_wconf 84' lang='lat' dir='ltr'>liceret</span> <span class='ocrx_word' id='word_1_11' title='bbox 943 262 1025 310; x_wconf 78' lang='lat' dir='ltr'>effe</span> <span class='ocrx_word' id='word_1_12' title='bbox 1049 259 1218 308; x_wconf 80' lang='lat' dir='ltr'>liberis.</span> <span class='ocrx_word' id='word_1_13' title='bbox 1265 265 1404 310; x_wconf 79' lang='lat' dir='ltr'>Nunc</span> 
     </span>
     <span class='ocr_line' id='line_1_3' title="bbox 51 325 1409 396; baseline -0.014 -13"><span class='ocrx_word' id='word_1_14' title='bbox 51 353 152 384; x_wconf 86' lang='lat' dir='ltr'>cum</span> <span class='ocrx_word' id='word_1_15' title='bbox 176 332 396 396; x_wconf 70' lang='lat' dir='ltr'>praesentis</span> <span class='ocrx_word' id='word_1_16' title='bbox 414 332 515 378; x_wconf 83' lang='lat' dir='ltr'>vitae</span> <span class='ocrx_word' id='word_1_17' title='bbox 528 326 758 375; x_wconf 80' lang='lat' dir='ltr'>necestitas</span> <span class='ocrx_word' id='word_1_18' title='bbox 771 325 892 372; x_wconf 82' lang='lat' dir='ltr'>aliud</span> <span class='ocrx_word' id='word_1_19' title='bbox 914 326 1131 385; x_wconf 85' lang='lat' dir='ltr'>postulet:</span> <span class='ocrx_word' id='word_1_20' title='bbox 1166 325 1273 387; x_wconf 87' lang='lat' dir='ltr'>quid</span> <span class='ocrx_word' id='word_1_21' title='bbox 1287 343 1409 389; x_wconf 73' lang='lat' dir='ltr'>quae..</span> 
     </span>
     <span class='ocr_line' id='line_1_4' title="bbox 54 387 1407 454; baseline -0.007 -8"><span class='ocrx_word' id='word_1_22' title='bbox 54 400 102 447; x_wconf 89' lang='lat' dir='ltr'>so</span> <span class='ocrx_word' id='word_1_23' title='bbox 122 399 300 444; x_wconf 83' lang='lat' dir='ltr'>rudibus</span> <span class='ocrx_word' id='word_1_24' title='bbox 322 394 441 442; x_wconf 85' lang='lat' dir='ltr'>aliud</span> <span class='ocrx_word' id='word_1_25' title='bbox 465 390 775 440; x_wconf 84' lang='lat' dir='ltr'>commendari</span> <span class='ocrx_word' id='word_1_26' title='bbox 798 390 969 450; x_wconf 84' lang='lat' dir='ltr'>potest,</span> <span class='ocrx_word' id='word_1_27' title='bbox 1007 406 1138 454; x_wconf 89' lang='lat' dir='ltr'>quam</span> <span class='ocrx_word' id='word_1_28' title='bbox 1153 387 1336 450; x_wconf 83' lang='lat' dir='ltr'>fimplex</span> <span class='ocrx_word' id='word_1_29' title='bbox 1357 393 1407 437; x_wconf 77' lang='grc' dir='ltr'>δε</span> 
     </span>
     <span class='ocr_line' id='line_1_5' title="bbox 54 452 1412 526; baseline -0.007 -18"><span class='ocrx_word' id='word_1_30' title='bbox 54 459 309 526; x_wconf 82' lang='lat' dir='ltr'>obsequiosa</span> <span class='ocrx_word' id='word_1_31' title='bbox 335 459 442 505; x_wconf 84' lang='lat' dir='ltr'>fides</span> <span class='ocrx_word' id='word_1_32' title='bbox 461 462 479 502; x_wconf 70' lang='grc' dir='ltr'>ἒ</span> <span class='ocrx_word' id='word_1_33' title='bbox 511 461 624 503; x_wconf 84' lang='lat' dir='ltr'>Non</span> <span class='ocrx_word' id='word_1_34' title='bbox 647 452 829 500; x_wconf 84' lang='lat' dir='ltr'>diffuaso</span> <span class='ocrx_word' id='word_1_35' title='bbox 859 465 1013 501; x_wconf 85' lang='lat' dir='ltr'>tamen</span> <span class='ocrx_word' id='word_1_36' title='bbox 1029 461 1058 511; x_wconf 74' lang='lat'>,‘</span> <span class='ocrx_word' id='word_1_37' title='bbox 1078 456 1164 512; x_wconf 85' lang='lat' dir='ltr'>(vt</span> <span class='ocrx_word' id='word_1_38' title='bbox 1183 453 1412 516; x_wconf 82' lang='lat' dir='ltr'>pontificii</span> 
     </span>
     <span class='ocr_line' id='line_1_6' title="bbox 57 516 1412 587; baseline -0.007 -15"><span class='ocrx_word' id='word_1_39' title='bbox 57 525 238 581; x_wconf 86' lang='lat' dir='ltr'><strong>solent)</strong></span> <span class='ocrx_word' id='word_1_40' title='bbox 274 536 490 587; x_wconf 84' lang='lat' dir='ltr'>quantum</span> <span class='ocrx_word' id='word_1_41' title='bbox 523 536 599 583; x_wconf 82' lang='lat' dir='ltr'>pet·</span> <span class='ocrx_word' id='word_1_42' title='bbox 634 518 809 564; x_wconf 82' lang='lat' dir='ltr'>labores</span> <span class='ocrx_word' id='word_1_43' title='bbox 835 516 930 562; x_wconf 81' lang='lat' dir='ltr'>fieri</span> <span class='ocrx_word' id='word_1_44' title='bbox 969 518 1148 581; x_wconf 85' lang='lat' dir='ltr'>potest,</span> <span class='ocrx_word' id='word_1_45' title='bbox 1201 518 1412 564; x_wconf 83' lang='lat' dir='ltr'>examine</span> 
     </span>
     <span class='ocr_line' id='line_1_7' title="bbox 56 582 1410 648; baseline -0.007 -12"><span class='ocrx_word' id='word_1_46' title='bbox 56 582 202 636; x_wconf 68' lang='lat' dir='ltr'>rernm</span> <span class='ocrx_word' id='word_1_47' title='bbox 222 586 439 635; x_wconf 84' lang='lat' dir='ltr'>sacrarum</span> <span class='ocrx_word' id='word_1_48' title='bbox 462 585 567 644; x_wconf 84' lang='lat' dir='ltr'>tali,</span> <span class='ocrx_word' id='word_1_49' title='bbox 601 582 724 648; x_wconf 84' lang='lat' dir='ltr'>quod</span> <span class='ocrx_word' id='word_1_50' title='bbox 747 594 869 628; x_wconf 85' lang='lat' dir='ltr'>certa</span> <span class='ocrx_word' id='word_1_51' title='bbox 891 583 1190 645; x_wconf 77' lang='lat' dir='ltr'>proportione</span> <span class='ocrx_word' id='word_1_52' title='bbox 1204 582 1410 646; x_wconf 78' lang='lat' dir='ltr'>negotiis</span> 
     </span>
     <span class='ocr_line' id='line_1_8' title="bbox 53 652 335 718; baseline -0.011 -19"><span class='ocrx_word' id='word_1_53' title='bbox 53 652 335 718; x_wconf 82' lang='lat' dir='ltr'>respondeat.</span> 
     </span>
    </p>
   </div>
   <div class='ocr_carea' id='block_1_3' title="bbox 595 759 801 822">
    <p class='ocr_par' dir='ltr' id='par_1_3' title="bbox 595 759 801 822">
     <span class='ocr_line' id='line_1_9' title="bbox 595 759 801 822; baseline -0.005 -11"><span class='ocrx_word' id='word_1_54' title='bbox 595 759 643 821; x_wconf 87' lang='lat'>§.</span> <span class='ocrx_word' id='word_1_55' title='bbox 710 773 801 822; x_wconf 81' lang='lat'>19.</span> 
     </span>
    </p>
   </div>
   <div class='ocr_carea' id='block_1_4' title="bbox 0 863 1677 3021">
    <p class='ocr_par' dir='ltr' id='par_1_4' title="bbox 0 863 1659 1952">
     <span class='ocr_line' id='line_1_10' title="bbox 131 863 1638 948; baseline -0.002 -22"><span class='ocrx_word' id='word_1_56' title='bbox 131 870 400 930; x_wconf 85' lang='lat' dir='ltr'>Mittimus</span> <span class='ocrx_word' id='word_1_57' title='bbox 413 890 554 928; x_wconf 88' lang='lat' dir='ltr'>nunc</span> <span class='ocrx_word' id='word_1_58' title='bbox 568 869 869 948; x_wconf 79' lang='lat' dir='ltr'>praesentem</span> <span class='ocrx_word' id='word_1_59' title='bbox 884 866 1258 932; x_wconf 83' lang='lat' dir='ltr'>aduersarium,</span> <span class='ocrx_word' id='word_1_60' title='bbox 1291 863 1410 925; x_wconf 85' lang='lat' dir='ltr'>reli·</span> <span class='ocrx_word' id='word_1_61' title='bbox 1493 883 1638 934; x_wconf 70' lang='lat' dir='ltr'><em>Aliud</em></span> 
     </span>
     <span class='ocr_line' id='line_1_11' title="bbox 0 951 1618 1032; baseline -0.001 -22"><span class='ocrx_word' id='word_1_62' title='bbox 0 958 115 1032; x_wconf 82' lang='lat' dir='ltr'>quis</span> <span class='ocrx_word' id='word_1_63' title='bbox 147 959 337 1031; x_wconf 87' lang='lat' dir='ltr'>quippe</span> <span class='ocrx_word' id='word_1_64' title='bbox 368 957 568 1012; x_wconf 72' lang='lat' dir='ltr'>armisa</span> <span class='ocrx_word' id='word_1_65' title='bbox 600 953 864 1011; x_wconf 86' lang='lat' dir='ltr'>Leibnitio</span> <span class='ocrx_word' id='word_1_66' title='bbox 895 951 1174 1029; x_wconf 86' lang='lat' dir='ltr'>spoliatum</span> <span class='ocrx_word' id='word_1_67' title='bbox 1200 957 1300 1018; x_wconf 86' lang='lat' dir='ltr'>ita,</span> <span class='ocrx_word' id='word_1_68' title='bbox 1345 967 1407 1009; x_wconf 90' lang='lat' dir='ltr'>vt</span> <span class='ocrx_word' id='word_1_69' title='bbox 1461 955 1618 1029; x_wconf 63' lang='lat' dir='ltr'>Huefii</span> 
     </span>
     <span class='ocr_line' id='line_1_12' title="bbox 0 1017 1659 1117; baseline -0.002 -22"><span class='ocrx_word' id='word_1_70' title='bbox 0 1035 169 1095; x_wconf 57' lang='lat' dir='ltr'>aslum</span> <span class='ocrx_word' id='word_1_71' title='bbox 199 1055 403 1117; x_wconf 86' lang='lat' dir='ltr'>ageret,</span> <span class='ocrx_word' id='word_1_72' title='bbox 445 1041 533 1114; x_wconf 89' lang='lat' dir='ltr'>qui</span> <span class='ocrx_word' id='word_1_73' title='bbox 556 1038 703 1096; x_wconf 88' lang='lat' dir='ltr'>litem</span> <span class='ocrx_word' id='word_1_74' title='bbox 731 1035 844 1094; x_wconf 87' lang='lat' dir='ltr'>satis</span> <span class='ocrx_word' id='word_1_75' title='bbox 874 1054 1169 1112; x_wconf 86' lang='lat' dir='ltr'>peroratam</span> <span class='ocrx_word' id='word_1_76' title='bbox 1195 1034 1416 1112; x_wconf 78' lang='lat' dir='ltr'>suscipe-·</span> <span class='ocrx_word' id='word_1_77' title='bbox 1460 1017 1659 1067; x_wconf 74' lang='lat' dir='ltr'><em>dubmm.</em></span> 
     </span>
     <span class='ocr_line' id='line_1_13' title="bbox 0 1117 1416 1180; baseline -0.001 -3"><span class='ocrx_word' id='word_1_78' title='bbox 0 1139 75 1178; x_wconf 84' lang='lat' dir='ltr'>ret</span> <span class='ocrx_word' id='word_1_79' title='bbox 99 1122 474 1177; x_wconf 82' lang='lat' dir='ltr'>renouandam.</span> <span class='ocrx_word' id='word_1_80' title='bbox 536 1117 728 1179; x_wconf 47' lang='lat' dir='ltr'>Oc‘ulis</span> <span class='ocrx_word' id='word_1_81' title='bbox 754 1141 898 1178; x_wconf 86' lang='lat' dir='ltr'>nunc</span> <span class='ocrx_word' id='word_1_82' title='bbox 933 1118 1238 1180; x_wconf 87' lang='lat' dir='ltr'>obuersatur</span> <span class='ocrx_word' id='word_1_83' title='bbox 1283 1120 1416 1177; x_wconf 82' lang='lat' dir='ltr'>alius</span> 
     </span>
     <span class='ocr_line' id='line_1_14' title="bbox 0 1200 1415 1281; baseline 0.001 -22"><span class='ocrx_word' id='word_1_84' title='bbox 0 1200 243 1281; x_wconf 77' lang='lat' dir='ltr'>quispiam</span> <span class='ocrx_word' id='word_1_85' title='bbox 271 1206 613 1263; x_wconf 81' lang='lat' dir='ltr'>ratiocinandi</span> <span class='ocrx_word' id='word_1_86' title='bbox 642 1202 906 1263; x_wconf 85' lang='lat' dir='ltr'>facultatis</span> <span class='ocrx_word' id='word_1_87' title='bbox 933 1208 1203 1267; x_wconf 87' lang='lat' dir='ltr'>inimicus,</span> <span class='ocrx_word' id='word_1_88' title='bbox 1229 1207 1318 1278; x_wconf 88' lang='lat' dir='ltr'>qui</span> <span class='ocrx_word' id='word_1_89' title='bbox 1348 1223 1415 1260; x_wconf 89' lang='lat' dir='ltr'>eo</span> 
     </span>
     <span class='ocr_line' id='line_1_15' title="bbox 0 1285 1415 1364; baseline 0 -20"><span class='ocrx_word' id='word_1_90' title='bbox 0 1285 216 1344; x_wconf 81' lang='lat' dir='ltr'>confilio</span> <span class='ocrx_word' id='word_1_91' title='bbox 234 1329 249 1351; x_wconf 89' lang='lat'>,</span> <span class='ocrx_word' id='word_1_92' title='bbox 289 1285 326 1345; x_wconf 90' lang='lat' dir='ltr'>s1</span> <span class='ocrx_word' id='word_1_93' title='bbox 352 1286 619 1364; x_wconf 84' lang='lat' dir='ltr'>quisquam</span> <span class='ocrx_word' id='word_1_94' title='bbox 643 1290 772 1348; x_wconf 83' lang='lat' dir='ltr'>alius</span> <span class='ocrx_word' id='word_1_95' title='bbox 792 1331 806 1354; x_wconf 93' lang='lat'>,</span> <span class='ocrx_word' id='word_1_96' title='bbox 854 1288 1131 1345; x_wconf 83' lang='lat' dir='ltr'>dubitandi</span> <span class='ocrx_word' id='word_1_97' title='bbox 1154 1306 1318 1344; x_wconf 85' lang='lat' dir='ltr'>artem</span> <span class='ocrx_word' id='word_1_98' title='bbox 1348 1290 1415 1344; x_wconf 88' lang='lat' dir='ltr'>ad</span> 
     </span>
     <span class='ocr_line' id='line_1_16' title="bbox 0 1367 1418 1451; baseline -0.001 -23"><span class='ocrx_word' id='word_1_99' title='bbox 0 1371 299 1448; x_wconf 69' lang='lat' dir='ltr'>&#39;upremum</span> <span class='ocrx_word' id='word_1_100' title='bbox 313 1376 487 1431; x_wconf 80' lang='lat' dir='ltr'>euexit</span> <span class='ocrx_word' id='word_1_101' title='bbox 502 1367 787 1451; x_wconf 83' lang='lat' dir='ltr'>fastigium.</span> <span class='ocrx_word' id='word_1_102' title='bbox 841 1371 977 1428; x_wconf 90' lang='lat' dir='ltr'>Non</span> <span class='ocrx_word' id='word_1_103' title='bbox 1001 1370 1267 1429; x_wconf 73' lang='lat' dir='ltr'>dissimulo</span> <span class='ocrx_word' id='word_1_104' title='bbox 1285 1410 1299 1433; x_wconf 87' lang='lat'><strong>,</strong></span> <span class='ocrx_word' id='word_1_105' title='bbox 1327 1388 1418 1427; x_wconf 88' lang='lat' dir='ltr'>me</span> 
     </span>
     <span class='ocr_line' id='line_1_17' title="bbox 5 1452 1420 1527; baseline -0.002 -14"><span class='ocrx_word' id='word_1_106' title='bbox 5 1461 211 1513; x_wconf 85' lang='lat' dir='ltr'>innuere</span> <span class='ocrx_word' id='word_1_107' title='bbox 223 1455 486 1514; x_wconf 87' lang='lat' dir='ltr'>Huetium</span> <span class='ocrx_word' id='word_1_108' title='bbox 504 1498 517 1519; x_wconf 92' lang='lat'>‚</span> <span class='ocrx_word' id='word_1_109' title='bbox 549 1461 696 1515; x_wconf 87' lang='lat' dir='ltr'>cuius</span> <span class='ocrx_word' id='word_1_110' title='bbox 711 1458 775 1511; x_wconf 80' lang='lat' dir='ltr'>de</span> <span class='ocrx_word' id='word_1_111' title='bbox 797 1453 1099 1511; x_wconf 86' lang='lat' dir='ltr'>infirmitate</span> <span class='ocrx_word' id='word_1_112' title='bbox 1122 1452 1420 1527; x_wconf 68' lang='lat' dir='ltr'>intelleElus</span> 
     </span>
     <span class='ocr_line' id='line_1_18' title="bbox 8 1533 1418 1615; baseline -0.003 -19"><span class='ocrx_word' id='word_1_113' title='bbox 8 1539 240 1596; x_wconf 83' lang='lat' dir='ltr'>libellum</span> <span class='ocrx_word' id='word_1_114' title='bbox 253 1533 603 1615; x_wconf 87' lang='lat' dir='ltr'>posthumum</span> <span class='ocrx_word' id='word_1_115' title='bbox 624 1539 783 1615; x_wconf 87' lang='lat' dir='ltr'>paulo</span> <span class='ocrx_word' id='word_1_116' title='bbox 802 1557 923 1597; x_wconf 84' lang='lat' dir='ltr'>ante</span> <span class='ocrx_word' id='word_1_117' title='bbox 942 1542 1112 1597; x_wconf 83' lang='lat' dir='ltr'>citaui.</span> <span class='ocrx_word' id='word_1_118' title='bbox 1170 1537 1418 1596; x_wconf 88' lang='lat' dir='ltr'>Omnem</span> 
     </span>
     <span class='ocr_line' id='line_1_19' title="bbox 0 1615 1418 1699; baseline -0.001 -21"><span class='ocrx_word' id='word_1_119' title='bbox 0 1622 88 1679; x_wconf 71' lang='lat' dir='ltr'>hic</span> <span class='ocrx_word' id='word_1_120' title='bbox 100 1618 284 1680; x_wconf 64' lang='lat' dir='ltr'>auclor</span> <span class='ocrx_word' id='word_1_121' title='bbox 298 1640 487 1678; x_wconf 89' lang='lat' dir='ltr'>mouet</span> <span class='ocrx_word' id='word_1_122' title='bbox 499 1621 746 1699; x_wconf 80' lang='lat' dir='ltr'>lapidem,</span> <span class='ocrx_word' id='word_1_123' title='bbox 759 1639 819 1679; x_wconf 84' lang='lat' dir='ltr'>vt</span> <span class='ocrx_word' id='word_1_124' title='bbox 836 1626 1029 1679; x_wconf 71' lang='lat' dir='ltr'>incerta</span> <span class='ocrx_word' id='word_1_125' title='bbox 1046 1624 1225 1678; x_wconf 86' lang='lat' dir='ltr'>omnia</span> <span class='ocrx_word' id='word_1_126' title='bbox 1241 1615 1418 1677; x_wconf 86' lang='lat' dir='ltr'>osten-</span> 
     </span>
     <span class='ocr_line' id='line_1_20' title="bbox 13 1702 1420 1783; baseline -0.002 -19"><span class='ocrx_word' id='word_1_127' title='bbox 13 1709 123 1771; x_wconf 72' lang='lat' dir='ltr'>dat,</span> <span class='ocrx_word' id='word_1_128' title='bbox 144 1702 532 1783; x_wconf 67' lang='lat' dir='ltr'>lefloribusque</span> <span class='ocrx_word' id='word_1_129' title='bbox 551 1704 848 1783; x_wconf 88' lang='lat' dir='ltr'>persuadeat</span> <span class='ocrx_word' id='word_1_130' title='bbox 865 1749 879 1772; x_wconf 95' lang='lat'>‚</span> <span class='ocrx_word' id='word_1_131' title='bbox 911 1726 939 1762; x_wconf 88' lang='lat' dir='ltr'>a</span> <span class='ocrx_word' id='word_1_132' title='bbox 962 1703 1066 1761; x_wconf 88' lang='lat' dir='ltr'>sola</span> <span class='ocrx_word' id='word_1_133' title='bbox 1095 1703 1200 1762; x_wconf 89' lang='lat' dir='ltr'>fide</span> <span class='ocrx_word' id='word_1_134' title='bbox 1224 1703 1420 1762; x_wconf 84' lang='lat' dir='ltr'>firmati</span> 
     </span>
     <span class='ocr_line' id='line_1_21' title="bbox 22 1786 1421 1866; baseline -0.001 -20"><span class='ocrx_word' id='word_1_135' title='bbox 22 1810 55 1846; x_wconf 89' lang='lat' dir='ltr'>n</span> <span class='ocrx_word' id='word_1_136' title='bbox 71 1788 289 1847; x_wconf 74' lang='lat' dir='ltr'>scientiis</span> <span class='ocrx_word' id='word_1_137' title='bbox 307 1793 465 1847; x_wconf 86' lang='lat' dir='ltr'>animi</span> <span class='ocrx_word' id='word_1_138' title='bbox 481 1789 776 1866; x_wconf 82' lang='lat' dir='ltr'>praefidium</span> <span class='ocrx_word' id='word_1_139' title='bbox 805 1791 1096 1865; x_wconf 85' lang='lat' dir='ltr'>petendum</span> <span class='ocrx_word' id='word_1_140' title='bbox 1114 1786 1223 1845; x_wconf 87' lang='lat' dir='ltr'>effe.</span> <span class='ocrx_word' id='word_1_141' title='bbox 1285 1788 1421 1866; x_wconf 84' lang='lat' dir='ltr'>Qo</span> 
     </span>
     <span class='ocr_line' id='line_1_22' title="bbox 12 1870 1421 1952; baseline 0 -22"><span class='ocrx_word' id='word_1_142' title='bbox 12 1870 222 1952; x_wconf 61' lang='lat' dir='ltr'>confilio</span> <span class='ocrx_word' id='word_1_143' title='bbox 253 1874 307 1930; x_wconf 84' lang='lat' dir='ltr'>id</span> <span class='ocrx_word' id='word_1_144' title='bbox 345 1875 559 1950; x_wconf 85' lang='lat' dir='ltr'>quidem</span> <span class='ocrx_word' id='word_1_145' title='bbox 594 1872 754 1932; x_wconf 78' lang='lat' dir='ltr'>fuerit</span> <span class='ocrx_word' id='word_1_146' title='bbox 791 1870 1091 1935; x_wconf 70' lang='lat' dir='ltr'>faffitatum</span> <span class='ocrx_word' id='word_1_147' title='bbox 1123 1870 1142 1929; x_wconf 76' lang='grc' dir='ltr'><strong><em>ἓ</em></strong></span> <span class='ocrx_word' id='word_1_148' title='bbox 1202 1875 1421 1950; x_wconf 74' lang='lat' dir='ltr'>ignoro-</span> 
     </span>
    </p>

    <p class='ocr_par' dir='ltr' id='par_1_5' title="bbox 0 1953 1677 3021">
     <span class='ocr_line' id='line_1_23' title="bbox 11 1953 1426 2038; baseline -0.002 -24"><span class='ocrx_word' id='word_1_149' title='bbox 11 1953 139 2032; x_wconf 78' lang='lat' dir='ltr'>Quo</span> <span class='ocrx_word' id='word_1_150' title='bbox 158 1955 400 2014; x_wconf 85' lang='lat' dir='ltr'>euentu?</span> <span class='ocrx_word' id='word_1_151' title='bbox 440 1961 683 2016; x_wconf 66' lang='lat' dir='ltr'>conficio·</span> <span class='ocrx_word' id='word_1_152' title='bbox 742 1958 876 2038; x_wconf 82' lang='lat' dir='ltr'>Qo</span> <span class='ocrx_word' id='word_1_153' title='bbox 911 1960 1142 2015; x_wconf 86' lang='lat' dir='ltr'>veritatis</span> <span class='ocrx_word' id='word_1_154' title='bbox 1175 1953 1426 2012; x_wconf 81' lang='lat' dir='ltr'>vniuersae</span> 
     </span>
     <span class='ocr_line' id='line_1_24' title="bbox 14 2030 1426 2119; baseline -0.002 -23"><span class='ocrx_word' id='word_1_155' title='bbox 14 2030 278 2100; x_wconf 50' lang='lat' dir='ltr'>ocriculo?</span> <span class='ocrx_word' id='word_1_156' title='bbox 312 2040 518 2117; x_wconf 86' lang='lat' dir='ltr'>prorsus</span> <span class='ocrx_word' id='word_1_157' title='bbox 536 2043 809 2119; x_wconf 83' lang='lat' dir='ltr'>petuideO.</span> <span class='ocrx_word' id='word_1_158' title='bbox 887 2042 1155 2098; x_wconf 83' lang='lat' dir='ltr'>Dabimus</span> <span class='ocrx_word' id='word_1_159' title='bbox 1178 2041 1426 2116; x_wconf 59' lang='lat' dir='ltr'>q&#39;uaedam</span> 
     </span>
     <span class='ocr_line' id='line_1_25' title="bbox 15 2116 1429 2202; baseline -0.004 -18"><span class='ocrx_word' id='word_1_160' title='bbox 15 2116 118 2196; x_wconf 46' lang='lat' dir='ltr'>seius</span> <span class='ocrx_word' id='word_1_161' title='bbox 132 2141 443 2202; x_wconf 85' lang='lat' dir='ltr'>argumenta</span> <span class='ocrx_word' id='word_1_162' title='bbox 468 2129 608 2201; x_wconf 83' lang='lat'>(26)</span> <span class='ocrx_word' id='word_1_163' title='bbox 675 2125 943 2183; x_wconf 88' lang='lat' dir='ltr'>Prouocat</span> <span class='ocrx_word' id='word_1_164' title='bbox 960 2130 1134 2200; x_wconf 85' lang='lat' dir='ltr'>primo</span> <span class='ocrx_word' id='word_1_165' title='bbox 1155 2119 1429 2180; x_wconf 83' lang='lat' dir='ltr'>cruditiffi·</span> 
     </span>
     <span class='ocr_line' id='line_1_26' title="bbox 27 2206 1432 2285; baseline -0.004 -18"><span class='ocrx_word' id='word_1_166' title='bbox 27 2225 136 2267; x_wconf 85' lang='lat' dir='ltr'>nus</span> <span class='ocrx_word' id='word_1_167' title='bbox 160 2206 345 2266; x_wconf 83' lang='lat' dir='ltr'>Gallus</span> <span class='ocrx_word' id='word_1_168' title='bbox 361 2211 426 2265; x_wconf 88' lang='lat' dir='ltr'>ad</span> <span class='ocrx_word' id='word_1_169' title='bbox 450 2209 725 2285; x_wconf 87' lang='lat' dir='ltr'>complura</span> <span class='ocrx_word' id='word_1_170' title='bbox 754 2207 1006 2267; x_wconf 83' lang='lat' dir='ltr'>sacrarum</span> <span class='ocrx_word' id='word_1_171' title='bbox 1031 2209 1322 2282; x_wconf 75' lang='lat' dir='ltr'>litterarum</span> <span class='ocrx_word' id='word_1_172' title='bbox 1347 2223 1432 2263; x_wconf 83' lang='lat' dir='ltr'>te-</span> 
     </span>
     <span class='ocr_line' id='line_1_27' title="bbox 29 2287 1437 2368; baseline 0 -20"><span class='ocrx_word' id='word_1_173' title='bbox 29 2287 254 2349; x_wconf 75' lang='lat' dir='ltr'>limonia</span> <span class='ocrx_word' id='word_1_174' title='bbox 275 2291 474 2350; x_wconf 75' lang='lat' dir='ltr'>EccleS.</span> <span class='ocrx_word' id='word_1_175' title='bbox 490 2295 632 2351; x_wconf 89' lang='lat' dir='ltr'>VIII.</span> <span class='ocrx_word' id='word_1_176' title='bbox 659 2299 751 2353; x_wconf 83' lang='lat'>16.</span> <span class='ocrx_word' id='word_1_177' title='bbox 783 2310 874 2363; x_wconf 90' lang='lat'>17.</span> <span class='ocrx_word' id='word_1_178' title='bbox 913 2294 1031 2368; x_wconf 86' lang='lat' dir='ltr'>Sap.</span> <span class='ocrx_word' id='word_1_179' title='bbox 1049 2294 1144 2349; x_wconf 92' lang='lat' dir='ltr'>IX.</span> <span class='ocrx_word' id='word_1_180' title='bbox 1176 2306 1263 2364; x_wconf 83' lang='lat'>15.</span> <span class='ocrx_word' id='word_1_181' title='bbox 1292 2288 1437 2366; x_wconf 87' lang='lat' dir='ltr'>seqq.</span> 
     </span>
     <span class='ocr_line' id='line_1_28' title="bbox 0 2373 1437 2450; baseline -0.001 -16"><span class='ocrx_word' id='word_1_182' title='bbox 0 2387 3 2413; x_wconf 67' lang='lat'>2</span> <span class='ocrx_word' id='word_1_183' title='bbox 32 2375 212 2434; x_wconf 64' lang='lat' dir='ltr'>iceles·</span> <span class='ocrx_word' id='word_1_184' title='bbox 229 2377 321 2434; x_wconf 87' lang='lat'>111.</span> <span class='ocrx_word' id='word_1_185' title='bbox 344 2395 434 2433; x_wconf 90' lang='lat'>10.</span> <span class='ocrx_word' id='word_1_186' title='bbox 466 2397 561 2437; x_wconf 86' lang='lat'>22.</span> <span class='ocrx_word' id='word_1_187' title='bbox 598 2380 639 2435; x_wconf 80' lang='grc' dir='ltr'>ἶ.</span> <span class='ocrx_word' id='word_1_188' title='bbox 661 2375 785 2433; x_wconf 85' lang='lat' dir='ltr'>Cot.</span> <span class='ocrx_word' id='word_1_189' title='bbox 808 2379 848 2433; x_wconf 87' lang='grc' dir='ltr'>Ι.</span> <span class='ocrx_word' id='word_1_190' title='bbox 874 2397 965 2446; x_wconf 83' lang='lat'>19.</span> <span class='ocrx_word' id='word_1_191' title='bbox 1006 2378 1152 2433; x_wconf 88' lang='lat' dir='ltr'>c.111.</span> <span class='ocrx_word' id='word_1_192' title='bbox 1178 2390 1266 2450; x_wconf 89' lang='lat'>19.</span> <span class='ocrx_word' id='word_1_193' title='bbox 1310 2373 1437 2432; x_wconf 87' lang='lat' dir='ltr'>Col.</span> 
     </span>
     <span class='ocr_line' id='line_1_29' title="bbox 0 2454 1436 2536; baseline 0.001 -20"><span class='ocrx_word' id='word_1_194' title='bbox 0 2461 3 2493; x_wconf 81' lang='lat'><em>¹</em></span> <span class='ocrx_word' id='word_1_195' title='bbox 39 2462 78 2518; x_wconf 87' lang='grc' dir='ltr'>Ι.</span> <span class='ocrx_word' id='word_1_196' title='bbox 113 2469 165 2523; x_wconf 80' lang='lat'>8.</span> <span class='ocrx_word' id='word_1_197' title='bbox 211 2461 276 2517; x_wconf 89' lang='lat' dir='ltr'>ad</span> <span class='ocrx_word' id='word_1_198' title='bbox 304 2454 633 2518; x_wconf 86' lang='lat' dir='ltr'>Constantini</span> <span class='ocrx_word' id='word_1_199' title='bbox 668 2463 995 2536; x_wconf 84' lang='lat' dir='ltr'>imperatoris</span> <span class='ocrx_word' id='word_1_200' title='bbox 1029 2476 1165 2517; x_wconf 84' lang='lat' dir='ltr'>orat.</span> <span class='ocrx_word' id='word_1_201' title='bbox 1202 2459 1267 2515; x_wconf 85' lang='lat' dir='ltr'>ad</span> <span class='ocrx_word' id='word_1_202' title='bbox 1286 2474 1436 2517; x_wconf 78' lang='lat' dir='ltr'>coet-</span> 
     </span>
     <span class='ocr_line' id='line_1_30' title="bbox 0 2539 1677 2623; baseline -0.004 -23"><span class='ocrx_word' id='word_1_203' title='bbox 0 2553 6 2566; x_wconf 93' lang='lat'>&#39;</span> <span class='ocrx_word' id='word_1_204' title='bbox 36 2540 169 2601; x_wconf 67' lang='lat' dir='ltr'>nst.</span> <span class='ocrx_word' id='word_1_205' title='bbox 193 2563 238 2600; x_wconf 88' lang='lat' dir='ltr'>c.</span> <span class='ocrx_word' id='word_1_206' title='bbox 255 2552 306 2606; x_wconf 85' lang='lat'>8.</span> <span class='ocrx_word' id='word_1_207' title='bbox 332 2539 439 2600; x_wconf 74' lang='grc' dir='ltr'>ἅς.</span> <span class='ocrx_word' id='word_1_208' title='bbox 500 2544 715 2623; x_wconf 82' lang='lat' dir='ltr'>Qibus</span> <span class='ocrx_word' id='word_1_209' title='bbox 731 2547 1071 2601; x_wconf 83' lang='lat' dir='ltr'>documentis</span> <span class='ocrx_word' id='word_1_210' title='bbox 1087 2544 1342 2602; x_wconf 84' lang='lat' dir='ltr'>omnibus</span> <span class='ocrx_word' id='word_1_211' title='bbox 1355 2545 1433 2598; x_wconf 89' lang='lat' dir='ltr'>ni·</span> <span class='ocrx_word' id='word_1_212' title='bbox 1454 2545 1677 2615; x_wconf 64' lang='lat' dir='ltr'>Rqsponfio.</span> 
     </span>
     <span class='ocr_line' id='line_1_31' title="bbox 38 2625 1436 2705; baseline 0 -23"><span class='ocrx_word' id='word_1_213' title='bbox 38 2625 247 2683; x_wconf 51' lang='lat' dir='ltr'>tilfaliud</span> <span class='ocrx_word' id='word_1_214' title='bbox 267 2626 583 2692; x_wconf 82' lang='lat' dir='ltr'>declaratur,</span> <span class='ocrx_word' id='word_1_215' title='bbox 624 2647 783 2705; x_wconf 86' lang='lat' dir='ltr'>quam</span> <span class='ocrx_word' id='word_1_216' title='bbox 804 2626 1052 2684; x_wconf 81' lang='lat' dir='ltr'>homines</span> <span class='ocrx_word' id='word_1_217' title='bbox 1073 2625 1436 2684; x_wconf 82' lang='lat' dir='ltr'>imbecillitate</span> 
     </span>
     <span class='ocr_line' id='line_1_32' title="bbox 0 2704 1436 2788; baseline -0.001 -22"><span class='ocrx_word' id='word_1_218' title='bbox 0 2721 13 2752; x_wconf 58' lang='grc' dir='ltr'><strong>θ</strong></span> <span class='ocrx_word' id='word_1_219' title='bbox 42 2710 341 2787; x_wconf 85' lang='lat' dir='ltr'>ntelligendi</span> <span class='ocrx_word' id='word_1_220' title='bbox 359 2711 613 2775; x_wconf 82' lang='lat' dir='ltr'>laborare,</span> <span class='ocrx_word' id='word_1_221' title='bbox 641 2732 751 2772; x_wconf 83' lang='lat' dir='ltr'>non</span> <span class='ocrx_word' id='word_1_222' title='bbox 771 2713 1020 2788; x_wconf 85' lang='lat' dir='ltr'>praeditos</span> <span class='ocrx_word' id='word_1_223' title='bbox 1044 2710 1231 2770; x_wconf 60' lang='lat' dir='ltr'>cunt-{la</span> <span class='ocrx_word' id='word_1_224' title='bbox 1254 2704 1436 2766; x_wconf 86' lang='lat' dir='ltr'>distin-</span> 
     </span>
     <span class='ocr_line' id='line_1_33' title="bbox 0 2786 1443 2878; baseline -0.003 -27"><span class='ocrx_word' id='word_1_225' title='bbox 0 2786 235 2878; x_wconf 47' lang='lat' dir='ltr'>ffstiffime</span> <span class='ocrx_word' id='word_1_226' title='bbox 259 2792 612 2872; x_wconf 85' lang='lat' dir='ltr'>cognoscendi</span> <span class='ocrx_word' id='word_1_227' title='bbox 645 2791 931 2861; x_wconf 83' lang='lat' dir='ltr'>facultate,</span> <span class='ocrx_word' id='word_1_228' title='bbox 969 2814 1129 2872; x_wconf 79' lang='lat' dir='ltr'>pauca</span> <span class='ocrx_word' id='word_1_229' title='bbox 1174 2790 1443 2859; x_wconf 64' lang='lat' dir='ltr'>distinfi‘te,</span> 
     </span>
     <span class='ocr_line' id='line_1_34' title="bbox 0 2875 1449 3014; baseline -0.004 -79"><span class='ocrx_word' id='word_1_230' title='bbox 0 2876 192 2944; x_wconf 71' lang='lat' dir='ltr'>³multa</span> <span class='ocrx_word' id='word_1_231' title='bbox 225 2878 382 2945; x_wconf 86' lang='lat' dir='ltr'>clare,</span> <span class='ocrx_word' id='word_1_232' title='bbox 423 2876 623 2937; x_wconf 82' lang='lat' dir='ltr'>infinita</span> <span class='ocrx_word' id='word_1_233' title='bbox 645 2877 866 2936; x_wconf 85' lang='lat' dir='ltr'>obscure</span> <span class='ocrx_word' id='word_1_234' title='bbox 891 2896 1104 2939; x_wconf 86' lang='lat' dir='ltr'>tantum</span> <span class='ocrx_word' id='word_1_235' title='bbox 1128 2875 1449 3014; x_wconf 52' lang='lat' dir='ltr'>sibisreprae-</span> 
     </span>
     <span class='ocr_line' id='line_1_35' title="bbox 0 2964 1452 3021; baseline -0.004 -2"><span class='ocrx_word' id='word_1_236' title='bbox 0 2980 20 3019; x_wconf 51' lang='grc' dir='ltr'>τῦ»</span> <span class='ocrx_word' id='word_1_237' title='bbox 158 3000 166 3003; x_wconf 24' lang='grc' dir='ltr'>-ν</span> <span class='ocrx_word' id='word_1_238' title='bbox 379 2990 381 2993; x_wconf 54' lang='grc'>’</span> <span class='ocrx_word' id='word_1_239' title='bbox 743 2964 785 3019; x_wconf 83' lang='lat' dir='ltr'>B</span> <span class='ocrx_word' id='word_1_240' title='bbox 833 2983 865 3021; x_wconf 65' lang='lat'>2„</span> <span class='ocrx_word' id='word_1_241' title='bbox 1253 2977 1452 3017; x_wconf 81' lang='lat' dir='ltr'>entare.</span> 
     </span>
    </p>
   </div>
   <div class='ocr_carea' id='block_1_5' title="bbox 0 1370 38 2662">
    <p class='ocr_par' dir='ltr' id='par_1_6' title="bbox 0 1370 38 2662">
     <span class='ocr_line' id='line_1_36' title="bbox 0 1370 20 1493; baseline 0 0"><span class='ocrx_word' id='word_1_242' title='bbox 0 1370 20 1493; x_wconf 95' lang='lat' dir='ltr'>  </span> 
     </span>
     <span class='ocr_line' id='line_1_37' title="bbox 0 1493 10 1741; baseline 0 -85"><span class='ocrx_word' id='word_1_243' title='bbox 0 1493 10 1741; x_wconf 95' lang='lat' dir='ltr'>   </span> 
     </span>
     <span class='ocr_line' id='line_1_38' title="bbox 0 1741 16 2096; baseline 0.125 -194"><span class='ocrx_word' id='word_1_244' title='bbox 0 1741 16 2096; x_wconf 95' lang='lat' dir='ltr'>    </span> 
     </span>
     <span class='ocr_line' id='line_1_39' title="bbox 8 2096 26 2324; baseline 0 -165"><span class='ocrx_word' id='word_1_245' title='bbox 8 2096 26 2324; x_wconf 95' lang='lat' dir='ltr'>   </span> 
     </span>
     <span class='ocr_line' id='line_1_40' title="bbox 12 2324 28 2413; baseline 0.625 -8"><span class='ocrx_word' id='word_1_246' title='bbox 12 2324 28 2413; x_wconf 95' lang='lat' dir='ltr'>  </span> 
     </span>
     <span class='ocr_line' id='line_1_41' title="bbox 20 2577 38 2662; baseline 0 0"><span class='ocrx_word' id='word_1_247' title='bbox 20 2577 38 2662; x_wconf 95' lang='lat' dir='ltr'>  </span> 
     </span>
    </p>
   </div>
   <div class='ocr_carea' id='block_1_6' title="bbox 28 3179 41 3230">
    <p class='ocr_par' dir='ltr' id='par_1_7' title="bbox 28 3179 41 3230">
     <span class='ocr_line' id='line_1_42' title="bbox 28 3179 41 3230; baseline 0 0"><span class='ocrx_word' id='word_1_248' title='bbox 28 3179 41 3230; x_wconf 79' lang='lat' dir='ltr'>l</span> 
     </span>
    </p>
   </div>
  </div>
 </body>
</html>
