1802 3230
339 161 414 227 ‘18
717 147 844 238 Cap.
870 160 933 231 l,
977 159 1063 213 De
1091 157 1363 214 harmonia
1782 168 1791 230 ᾗ

325 271 419 345 qui
432 261 599 324 studia
611 263 1026 341 haudquaquam
1051 259 1311 340 professus
1329 306 1342 329 ,
1384 260 1625 344 longum·
1645 264 1759 324 reli·
1784 253 1798 313 ’ἱ

321 357 497 434 gionis
532 368 752 407 examen
781 347 1025 424 suscipere
1065 367 1178 426 non
1225 364 1450 423 poterat.
1549 319 1797 437 Verum}

320 440 625 495 enimuero,
670 436 810 511 (ις)
849 438 973 509 quin
1010 430 1404 496 alii,laborib.us
1433 434 1754 508 quotidiana:
1786 439 1802 504 ζι,

319 526 444 582 vitae
468 514 867 581 inseruientibus
897 520 1066 581 vacui,
1092 520 1391 579 rationum,
1414 534 1511 591 pro
1538 521 1756 575 veritate
1784 506 1802 555 ³·-

319 604 443 663 fidei
465 600 773 659 facientium
795 644 809 665 ‚
860 603 1095 677 pondera
1120 603 1412 656 examinare
1432 618 1524 657 aut
1553 603 1755 659 debue-

319 693 452 753 rint,
486 705 576 744 aut
596 690 897 761 potuerint,
941 686 1300 742 dubitandum
1324 703 1435 740 non
1467 679 1557 741 est.
1605 686 1754 742 Hinc
1793 731 1796 736 .

319 773 635 831 mandatum
669 769 976 846 explorandi
1016 772 1198 825 omnia
1244 770 1282 825 Ι.
1305 764 1484 825 Thess.
1516 772 1587 825 V.
1629 768 1756 826 hinc
1799 793 1802 806 2

319 855 556 932 exempla
599 875 819 918 eorum.
861 854 970 930 'qui
1008 846 1331 929 apostolicos
1385 850 1648 910 sermones
1690 854 1757 912 ad

317 939 565 999 amuffim
601 938 855 996 sacrarum
878 939 1172 997 litterarum
1206 954 1525 1015 exegerunt:
1562 935 1752 996 Afilor.

317 1024 862 1104 XVI.peruulga'tum
887 1018 958 1080 est
988 1023 1168 1098 Lydiae
1195 1020 1525 1099 exemplum.
1572 1018 1756 1100 Qid?

316 1110 473 1189 quod
496 1107 587 1189 ipsi
611 1126 780 1186 patres
807 1103 1032 1165 ecclesiae
1048 1149 1061 1172 ,
1106 1109 1160 1163 in
1181 1109 1285 1162 acie
1308 1103 1755 1165 contraethnicos
1800 1125 1802 1137 ²

285 1194 543 1260 estanteS,
588 1196 654 1250 ad
686 1197 948 1252 rationem
981 1191 1273 1248 naturalem
1311 1189 1722 1265 prouocauerint
1736 1214 1760 1258 ,·

315 1274 748 1356 superstitionum
771 1275 1224 1335 idololatricarum
1262 1277 1548 1333 vanitatem
1578 1271 1756 1333 osten-

315 1359 459 1421 suri?
498 1360 704 1419 Nonne
734 1361 787 1418 id
804 1377 1127 1440 argumento
1144 1354 1247 1426 est,
1290 1377 1480 1415 vanam
1503 1355 1650 1415 istam
1674 1380 1754 1417 re·

314 1446 574 1526 ligionem
603 1443 726 1510 effe,
769 1448 852 1503 cui
871 1441 1007 1503 reela
1038 1446 1171 1502 ratio
1201 1440 1499 1522 repugnatx?
1542 1440 1756 1524 Qodsi

315 1529 420 1591 est:
462 1526 668 1590 fatearis
684 1546 930 1607 oportet,
955 1524 1160 1587 ostendi
1175 1522 1437 1585 debere&
1456 1525 1612 1605 posse,
1637 1547 1754 1587 non

314 1610 586 1675 aduersam
613 1611 981 1672 rationifidem
1008 1608 1133 1679 effe,
1175 1633 1272 1670 nec
1291 1610 1428 1670 hanc
1455 1614 1752 1692 quidquam

316 1697 552 1765 absurdi,
588 1716 680 1756 aut
704 1703 947 1757 aratione
962 1696 1111 1757 alieni
1129 1702 1430 1756 continere:
1475 1700 1753 1766 concedas,

317 1801 539 1862 oportet
563 1802 577 1840 t
629 1782 943 1864 religionem
971 1778 1111 1860 posse
1139 1778 1196 1838 ἃ
1229 1784 1418 1839 debere
1440 1781 1748 1862 rigorosrffi-

315 1887 476 1928 mum
499 1885 723 1926 examen
757 1866 927 1926 subire
961 1886 1150 1926 eorum
1175 1909 1190 1932 ,
1249 1870 1398 1944 queis
1430 1884 1457 1922 a
1480 1867 1752 1927 laboribus

314 1969 497 2017 vacat,
535 1968 651 2009 tum
685 1968 746 2011 vt
771 1953 1103 2030 exploretur,
1155 1970 1221 2008 an
1244 1950 1430 2032 religio
1457 1971 1582 2008 cum
1607 1950 1754 2011 sacris

270 2071 281 2081 .
313 2037 507 2098 tabulis
525 2033 813 2114 conspiret,
856 2056 976 2096 tum
1000 2057 1130 2096 vero
1156 2040 1346 2102 etiam,
1388 2053 1450 2094 vt
1472 2034 1748 2117 inuestige·

313 2140 433 2188 tur,
486 2122 745 2180 doceatne
787 2121 990 2180 absurdi
1023 2122 1313 2199 quiddam,
1375 2123 1525 2197 quod
1560 2126 1753 2181 rationi

314 2203 692 2265 dissentaneum
741 2203 836 2275 sit,
877 2225 976 2263 nec
1016 2203 1117 2264 ne?
1162 2205 1415 2263 Ceterum
1439 2245 1456 2269 ‚
1507 2202 1659 2282 quod
1681 2209 1750 2266 ad

313 2307 536 2349 examen
561 2291 804 2348 accedere
829 2291 1018 2348 debeat
1044 2289 1221 2347 diuina
1242 2293 1321 2346 vis
1348 2290 1602 2365 S-pirituS,
1645 2311 1749 2368 qua

308 2392 466 2435 mens
483 2376 549 2431 ad
571 2372 950 2434 assentiendum
985 2392 1173 2433 arcano
1212 2372 1460 2450 dulcique
1496 2371 1748 2438 instinstu

307 2459 592 2518 inclinetur
614 2453 983 2536 ssestaturque,
1027 2462 1215 2514 veritas
1231 2453 1303 2514 est
1324 2459 1559 2522 indubia,
1583 2479 1744 2536 quam

282 2543 468 2603 nobis
496 2541 863 2603 inculcandoa
892 2539 1278 2620 disceptationis
1316 2559 1611 2602 momento
1628 2546 1746 2604 Bae-

304 2628 408 2688 lius
430 2624 665 2687 disceffit.

339 2723 455 2789 (25)
487 2722 816 2774 Celeberrimus
845 2722 1033 2772 ecclefiae
1057 2723 1226 2772 ἆοᾶοι·
1238 2726 1460 2790 Origenes
1472 2723 1631 2774 fimilia
1651 2725 1748 2776 fere

374 2790 514 2838 docet
538 2791 586 2837 in
609 2789 714 2836 libr.
737 2790 842 2837 adu.
869 2788 1048 2837 Celsum
1069 2793 1116 2836 L.
1131 2793 1167 2836 Ι.
1203 2807 1243 2838 c.
1260 2809 1304 2839 2.
1370 2792 1599 2839 Concedit
1626 2795 1748 2841 viam

370 2855 593 2902 examinis
621 2852 835 2900 omnibus
855 2853 1269 2902 commendandam
1288 2854 1419 2914 fote,
1456 2855 1488 2902 fi
1509 2871 1584 2919 per
1596 2872 1748 2920 nego·

369 2919 544 2970 tiorum
565 2917 772 2983 quidem,
812 2919 934 2982 queis
955 2919 1173 2969 alimenta
1188 2918 1388 2984 paranda
1400 2918 1515 2981 fint,
1549 2936 1751 2983 occupa-

1582 2998 1752 3045 tiones,

1794 141 1797 151 i

1795 169 1797 177 A

1795 215 1798 230 Ι

1741 3124 1766 3140 l
