1802 3230
294 121 415 165 220
582 101 705 182 Cap.
720 102 816 160 III.
863 103 949 158 De
965 100 1063 177 vfit
1079 98 1392 183 philosbpht'ae

354 210 524 272 semper
550 226 605 256 ex
624 220 757 273 parte
787 210 896 254 DEI
912 210 1115 270 optimus
1138 209 1341 271 praesens.
1399 208 1676 274 Similemexe
1719 189 1727 223 ἑ
1794 210 1802 266 l

353 273 509 324 cubias
532 288 670 336 agens
692 272 888 319 duorum
911 273 1286 323 commilitonum
1315 290 1341 322 e
1371 276 1632 338 longinquo
1691 291 1730 323 t-

353 338 660 404 gladiantium
677 336 826 384 duella
838 352 938 385 non
950 338 1167 401 impediat
1181 357 1196 394 5
1229 338 1291 386 est
1314 340 1406 387 haec
1420 340 1545 388 actio
1561 355 1616 385 ex
1632 347 1734 400 pai-'-

353 417 406 452 te
425 400 554 465 ipfius
579 402 784 462 optima,
818 416 919 448 non
940 404 1119 466 optima
1144 418 1200 450 ex
1219 415 1349 468 parte
1369 402 1736 471 digladiandum

356 469 524 517 Cetera
534 465 611 513 alii
627 464 862 513 reseruabo
890 465 1139 515 o'ccafioni.
1728 475 1734 483 “

899 578 947 645 ὑ·
1010 589 1146 646 179·

21 671 144 720 Nam
173 682 274 735 pee—
429 674 677 734 Tandem
706 671 1014 733 accusantur
1038 678 1356 735 recentiores
1397 713 1413 741 ,
1464 671 1602 750 quod
1636 673 1752 729 cri-e·

20 736 258 863 ζὲζζζκῖῗ
293 760 438 815 mina
466 759 536 816 ad
561 764 730 815 creati
759 758 950 815 mundi
978 763 1351 836 perfeffionem
1377 762 1611 832 conferre
1635 755 1759 830 stau.

21 866 240 912 mundum
294 860 472 900 mant.
566 845 705 901 Non
735 840 809 902 est
845 848 913 902 ita
945 841 1213 919 profesto.
1249 844 1469 924 (300)
1554 843 1754 899 Pecca*

17 933 272 994 pertineat?
294 947 416 988 tum
450 923 525 987 est
556 935 612 986 in
638 933 853 1006 optimo
888 932 1102 989 mundo
1129 973 1143 996 ,
1200 949 1314 986 non
1340 925 1415 987 est
1436 924 1500 981 de
1528 929 1756 1001 optimo*

294 1014 511 1071 mundo
534 1056 547 1079 ,
591 1017 669 1072 vti
701 1015 766 1071 de
789 1018 1051 1090 improbis
1080 1018 1133 1072 in
1156 1012 1366 1072 ecclesia
1391 1008 1639 1089 theologi
1665 1009 1755 1066 102⁷

296 1115 563 1176 quuntut.
651 1098 896 1155 Mundus
931 1118 1044 1155 non
1077 1095 1149 1157 est
1177 1103 1451 1175 optimus,
1480 1099 1607 1173 quia
1625 1111 1757 1170 pec·-

295 1200 420 1241 cato
452 1180 685 1241 inficitur
717 1203 734 1250 ς
803 1179 888 1240 sed
919 1187 1161 1260 optimus
1190 1180 1262 1241 est
1298 1189 1372 1249 is,
1408 1186 1500 1261 qui
1526 1195 1760 1256 peccato*

293 1265 551 1327 inficitur.
638 1262 899 1326 Existimo
929 1285 1110 1326 autem
1129 1311 1146 1338 ‚
1173 1288 1287 1325 non
1320 1269 1437 1325 leue
1463 1269 1596 1322 inter
1631 1258 1757 1335 haec-2

298 1356 413 1410 duo
441 1350 718 1410 discrimen
747 1357 1063 1410 interiacere.
1149 1352 1465 1430 Capiamu5‚
1504 1346 1760 1424 siplacet,
1795 1395 1802 1428 1

296 1433 485 1494 simile.
568 1439 685 1495 Sint
704 1435 1043 1496 haereditates
1067 1436 1264 1496 oblatae
1298 1439 1419 1498 duae
1449 1479 1466 1504 ‚
1522 1440 1762 1517 quamn}⁴
1801 1429 1802 1457 ³

298 1522 459 1580 altera
501 1539 724 1579 centum
779 1522 946 1581 millia
996 1542 1284 1579 aureorum
1345 1515 1766 1595 complecliturh‘„
1795 1527 1802 1539 ·

300 1607 479 1664 addita
527 1625 708 1665 tamen
756 1606 1089 1685 obligatione
1150 1611 1339 1686 vigimi
1420 1604 1750 1667 creditorum
1795 1583 1802 1640 ¹

299 1709 588 1748 aureorum
633 1687 794 1767 millia
830 1690 939 1747 aliis
982 1688 1257 1748 soluendi:
1318 1688 1476 1748 altera
1515 1706 1644 1743 vero
1674 1688 1757 1753 viss·
1797 1668 1802 1707 ¹

302 1778 438 1856 giuti
463 1793 676 1832 tantum
705 1795 993 1833 aureorum
1019 1775 1183 1832 millia
1212 1780 1441 1835 omnino
1490 1769 1747 1828 exhibeat.
1800 1761 1802 1783 ¹

300 1860 575 1918 Dicitum
616 1864 844 1935 poterit,
887 1857 1257 1918 haereditatem
1302 1862 1569 1936 optimam
1624 1870 1756 1912 cum·

300 1962 507 2022 magno
545 1964 707 2001 onere
747 1941 1124 2012 coniunfilam,
1174 1963 1290 2001 non
1327 1947 1592 2021 optimam
1623 1957 1761 1996 veroc-

302 2048 465 2086 onere
490 2049 710 2097 vacare3
755 2026 840 2086 sed
863 2048 929 2085 eo
955 2031 1317 2089 incommodo
1347 2030 1524 2086 debita
1546 2023 1758 2081 soluen-

300 2113 354 2171 di
383 2133 496 2170 non
527 2109 772 2172 obstante
801 2117 969 2191 prima
1009 2112 1181 2194 longe
1207 2111 1413 2190 superat
1443 2110 1765 2174 secundam,-

297 2217 421 2276 quae
443 2198 603 2255 nullis
630 2198 999 2258 incommodis
1026 2201 1263 2256 obnoxia
1307 2193 1399 2256 est.
1482 2199 1622 2253 Vere
1654 2195 1760 2273 igi*

299 2298 389 2340 tur
413 2285 582 2340 dicere
603 2282 753 2348 licet,
795 2285 972 2341 debita
1001 2281 1095 2340 effe
1119 2302 1243 2341 cum
1270 2280 1582 2340 haereditate
1609 2279 1751 2355 opti-

296 2385 385 2427 ma
417 2366 703 2425 coniuncla
730 2412 744 2434 ‚
791 2365 877 2425 sed
923 2387 1039 2425 non
1085 2363 1330 2426 conferre
1385 2368 1452 2426 ad
1494 2381 1610 2423 eam
1657 2380 1756 2420 au-

294 2454 530 2528 gendam
558 2474 572 2509 z
631 2450 724 2510 effe
765 2456 1033 2530 optimam
1066 2445 1435 2513 hoereditatem
1455 2494 1470 2518 ‚
1527 2467 1629 2525 quae
1654 2448 1747 2501 de-

295 2536 421 2591 bitis
453 2530 512 2591 &
546 2556 644 2594 aere
677 2536 849 2594 alieno
871 2556 1141 2604 teneatur,
1183 2558 1298 2596 non
1322 2531 1448 2614 quia
1475 2552 1540 2588 eo
1569 2547 1748 2588 tenea·

293 2634 399 2680 tur.
441 2620 602 2740 ’(ζιᾷιίε
626 2620 789 2684 talem
819 2620 1130 2686 sententiam
1163 2643 1281 2686 non
1307 2620 1581 2683 innoxiam
1618 2633 1749 2694 prof

294 2718 538 2766 nuntiet.

1520 2844 1750 2910 (300>N=
