1802 3230
92 1788 248 1852 Cariffe
260 1821 279 1844 ,

83 1872 160 1901 tur
166 1856 277 1916 'ssepe

86 1920 257 1964 eruditi·

85 1987 240 2047 impii.

351 151 468 210 520
880 129 1000 208 Cap.
1039 125 1186 187 XIV.

349 246 406 302 in
443 238 835 316 impedimentis
872 237 1188 314 quaerenda,
1226 236 1420 317 quibus
1452 257 1558 319 prae
1587 235 1776 326 ι-ιιῐὶἰςιΙ

348 324 646 404 theologus
687 321 993 401 obliquatur
1016 365 1031 388 ,
1073 343 1126 380 v.
1155 341 1209 402 g.
1238 342 1513 381 munerum
1538 322 1756 382 ambitu»

333 414 512 493 glorie
538 405 828 486 cupiditate
855 447 870 472 ‚
916 411 1085 465 nimio
1116 405 1409 465 litterarum
1437 401 1639 475 studio,
1668 405 1751 466 &c

352 494 540 552 Cetera
566 496 726 570 igitur
752 513 863 549 non
897 489 1171 569 sunt-paria
1195 513 1211 549 z
1251 493 1503 570 quocirca
1528 511 1623 568 nec
1639 491 1752 562 affir-

348 579 482 638 mari
510 572 685 653 potest
708 619 723 643 ,
761 572 978 654 perinde
1003 578 1090 654 effi
1113 613 1133 642 ‚
1156 577 1264 651 fine
1287 596 1476 655 magna
1502 574 1757 633 intelledu

348 666 462 722 luce
499 658 816 734 collustretur
838 699 853 725 ,
886 664 992 734 fiue
1032 665 1223 718 minus.
1322 661 1435 738 Qi
1470 659 1524 717 id
1556 658 1761 718 v'oluntx

348 743 610 808 fallaciam
650 768 746 804 non
786 747 953 823 cauffo
993 761 1053 799 vt
1090 745 1255 823 cauffiz
1281 743 1413 804 mihi
1438 746 1760 810 committer·

353 834 621 889 videntur.
717 830 858 912 Qae
885 832 1026 887 enim
1052 832 1255 908 pietatis
1278 831 1512 887 vacuitas
1539 831 1593 886 in
1623 821 1769 887 theo:-

350 917 486 996 logo
541 918 606 971 ab
654 914 761 972 aliis
809 912 990 972 caussis
1032 911 1283 974 enascitur
1311 933 1330 982 ;
1382 932 1498 974 eam
1538 909 1761 969 lumini&

351 1001 505 1080 quod
540 997 827 1059 intellectui
870 991 1160 1056 affunditur
1182 1039 1199 1064 ,
1238 996 1506 1058 inutilitati
1531 990 1661 1054 falso
1690 997 1771 1054 tri,

351 1087 532 1146 buunt
556 1127 567 1147 ,
611 1079 935 1158 caussamque
961 1080 1034 1138 ob
1063 1101 1176 1139 eam
1202 1084 1427 1141 credunt
1448 1122 1467 1148 ,
1507 1081 1657 1159 quod
1683 1098 1767 1138 voa

351 1169 528 1229 luntas
557 1171 696 1244 prius
720 1188 900 1228 amore
927 1167 1055 1224 DEI
1084 1165 1147 1224 stt
1177 1167 1489 1231 imbuenda,
1519 1183 1677 1242 quam
1704 1167 1769 1235 itu

349 1252 593 1314 teliec‘ius
619 1254 886 1311 ornandus
918 1255 1026 1309 eius
1056 1255 1366 1331 cognitione
1388 1294 1404 1318 ,
1446 1268 1572 1326 cum
1605 1267 1713 1307 tam

353 1340 439 1396 vel
465 1339 636 1416 ignoti
661 1380 674 1401 ,
716 1337 796 1394 vel
825 1358 936 1395 non
966 1335 1079 1395 satis
1107 1339 1252 1403 noti,
1279 1340 1462 1414 vtique
1489 1332 1630 1392 nulla
1658 1352 1690 1410 p

352 1421 417 1481 sit
455 1425 575 1480 oriri
617 1423 855 1495 cupid03
908 1441 1004 1498 pro
1041 1421 1208 1500 gradu
1242 1438 1420 1479 autem
1461 1420 1766 1497 cognitioni.

352 1526 490 1566 certa
528 1509 877 1582 proportione
922 1526 1074 1562 amor
1112 1509 1277 1582 capiat
1315 1505 1401 1565 vel
1436 1507 1767 1564 incrementat

351 1593 440 1652 vel
472 1594 806 1650 decrementa
826 1631 844 1657 ‚
880 1593 1066 1647 ceteris
1093 1587 1327 1668 paribus.

487 1772 576 1834 Est
608 1771 664 1832 ἃ
690 1775 784 1832 alia
814 1702 1010 1841 cauffg‘,
1046 1713 1406 1855 {iffimobrem
1434 1772 1564 1855 saepe
1587 1771 1767 1835 doffls«

350 1857 463 1918 fimi
497 1861 789 1919 litterarum
819 1864 1118 1936 expertibus
1144 1867 1334 1938 pietate
1359 1862 1566 1918 cedant.
1645 1860 1764 1916 Ver·

351 1942 524 2002 santur
563 1949 704 2001 enim
741 1948 928 2003 eruditi
972 1943 1101 2022 saepe
1133 1950 1185 2003 in
1221 1946 1529 2005 veritatibus
1552 1986 1566 2009 ,
1606 1962 1724 2020 quae
1751 1961 1783 1996 εΙῚ

347 2034 554 2106 pietatis
587 2024 761 2085 studio
794 2027 916 2088 sunt
943 2027 1103 2103 paulo
1129 2034 1445 2089 remotiores
1466 2072 1485 2095 ‚
1523 2046 1620 2085 nec
1653 2045 1784 2102 pro--

345 2118 492 2171 xime
525 2118 701 2187 praxin
743 2115 1049 2193 adtingunt.
1144 2115 1464 2191 Frequenter
1501 2108 1560 2169 ἃ
1594 2111 1770 2189 cogni·

342 2202 503 2257 tionis
539 2189 778 2255 latisi‘ime
819 2217 1088 2274 patentem
1131 2197 1539 2276 amplitudinem
1582 2200 1770 2271 magis2

342 2283 521 2360 quam
544 2277 970 2358 profunditatem
993 2326 1006 2347 ‚
1052 2279 1109 2339 ἃ
1147 2285 1269 2341 inde
1303 2282 1589 2360 pendulam
1617 2275 1773 2338 aisen-

338 2364 422 2423 sus
460 2364 767 2424 firmitatem
792 2409 806 2431 ‚
850 2367 1128 2443 respiciunt
1151 2407 1167 2431 ,
1214 2386 1317 2445 qua
1355 2365 1632 2426 deficiente
1675 2381 1774 2422 co-

337 2454 511 2530 gnitio
552 2455 664 2508 vim
711 2446 853 2507 suam
884 2471 974 2527 per
1009 2455 1250 2508 animum
1283 2452 1508 2530 pandere
1533 2468 1646 2507 non
1674 2464 1773 2524 po-

339 2530 454 2593 test.
546 2535 675 2592 Fieri
703 2529 759 2590 &
785 2532 917 2593 solet
940 2578 958 2601 ,
1004 2553 1065 2593 vt
1085 2577 1101 2599 ‚
1143 2537 1275 2592 dum
1307 2539 1514 2594 animus
1540 2528 1775 2605 historia

334 2617 596 2677 litterariae
641 2615 816 2675 studio
862 2623 1090 2676 nimium
1125 2614 1436 2680 'distrahitur
1460 2664 1478 2686 ,
1515 2636 1614 2677 nec
1653 2627 1769 2680 non

333 2704 591 2759 mediocri
627 2706 879 2778 praeditus
913 2704 1109 2760 iudicio
1135 2701 1510 2765 controuersiis
1542 2695 1764 2761 trastan-

330 2787 411 2844 dis
435 2804 648 2862 operam
681 2806 835 2845 nauat
856 2826 871 2850 ,
911 2806 1002 2844 aut
1029 2807 1139 2843 non
1168 2785 1351 2848 sentiat
1375 2793 1659 2848 veritatum
1685 2775 1764 2836 ef-

322 2867 556 2935 ficaciam
577 2911 596 2940 ,
632 2890 724 2934 aut
747 2869 1072 2954 scepticismo
1093 2869 1408 2958 theologico
1428 2915 1449 2943 ,
1486 2871 1558 2930 ob
1584 2866 1762 2924 litium

1597 2953 1745 3016 deci-¹
