1802 3230
380 121 495 204 192
529 131 728 210 capJI,
754 129 834 183 De
853 125 1767 214 vsuphilos.maximeiuxtaacceffi
1798 128 1802 142 ’

373 255 425 295 te
453 243 553 294 iam
581 237 790 295 dudum
817 229 1012 290 exstitit
1039 252 1052 287 :
1108 230 1386 295 consensus
1423 237 1587 316 igitur
1628 254 1802 306 morte

374 319 563 379 Christi
592 338 770 396 partus
791 336 1019 396 regnum
1044 319 1262 396 attingit
1284 326 1481 398 gratiae.
1566 309 1802 393 Consen-¹

369 404 451 463 sus
492 400 764 461 dissensum
813 397 1053 477 supplet:
1110 401 1294 460 nullus
1321 409 1388 462 in
1416 426 1584 486 regno
1623 396 1802 486 grati&

367 484 609 547 diffensus
645 504 859 565 regnat,
900 481 993 541 nisi
1039 479 1319 544 admissum
1365 489 1518 565 culpa
1562 491 1790 549 hominis

365 590 676 649 peccatum:
716 565 1112 647 superestergo,
1157 587 1218 626 vt
1241 572 1794 642 credamus,mortem

367 654 563 714 Christi
625 671 843 732 propter
904 671 1116 730 peccate
1178 651 1465 732 susceptam
1524 659 1792 739 expiandae

368 741 513 799 Cum
558 757 904 817 peccatorum
941 741 1297 811 expiationem
1322 760 1577 818 tanquam
1606 743 1738 800 bonu

361 822 450 884 sua
477 843 657 883 morte
684 824 970 882 intenderit
1000 817 1240 880 Christus
1269 844 1282 880 ε
1357 829 1572 884 maioris
1593 828 1786 905 ponde·

365 916 436 970 tis
475 914 572 969 erit
607 910 661 968 id
700 911 914 978 bonum
937 950 951 973 ,
1004 925 1163 983 quam
1197 909 1347 985 quod
1388 913 1441 966 in
1464 929 1642 969 morte
1667 907 1785 981 inefl

361 995 597 1059 malum,
642 993 922 1052 doloribus
942 991 1276 1049 acerbiffimis
1305 992 1428 1052 licet
1445 995 1787 1074 comprehen-

361 1081 498 1139 sum.
578 1078 631 1135 Si
656 1080 866 1135 bonum
893 1080 1072 1133 minus
1101 1073 1273 1142 foret,
1305 1098 1402 1136 nec
1425 1088 1684 1160 grauitate
1717 1079 1786 1138 su*-

359 1183 547 1244 perans
571 1166 764 1220 mortis
783 1161 1163 1218 incommoda:
1212 1182 1488 1240 nunquam
1504 1167 1569 1223 ab
1585 1169 1787 1241 optimc

361 1254 647 1308 Seruatore
684 1242 855 1307 fuisset
903 1244 1030 1302 huic
1074 1244 1451 1321 antepositum.
1545 1249 1628 1306 Eo
1669 1250 1781 1307 loct

361 1335 593 1392 habetur
617 1351 768 1389 mors
811 1327 1035 1396 fratrum
1076 1326 1297 1395 Christi,
1325 1351 1384 1389 ac
1417 1330 1457 1389 fi
1498 1332 1590 1406 ipii
1625 1330 1783 1409 fuiss‘ei

358 1420 500 1480 illata
533 1460 547 1483 ,
612 1439 751 1487 mors
791 1415 983 1488 nostra,
1035 1413 1219 1487 Christi
1257 1438 1394 1472 mors
1437 1419 1500 1474 ΙΙ.
1525 1417 1652 1475 Cor.
1668 1422 1707 1476 1.
1740 1435 1767 1492 5

362 1503 855 1580 Quemadmodum
891 1490 1029 1557 hanc
1067 1496 1330 1558 felicitatis
1377 1520 1604 1560 matrem
1643 1523 1783 1562 comi

312 1646 314 1648 ,
358 1591 750 1666 probauimus:
819 1592 888 1644 ita
922 1581 980 1641 ὅ(
1022 1579 1356 1643 nostra‘non
1395 1582 1655 1645 infelicior
1686 1593 1786 1645 etit

357 1677 414 1733 Si
444 1668 621 1732 nostra
645 1692 765 1732 non
784 1667 856 1728 est
894 1675 1073 1726 morte
1099 1667 1290 1727 Christi
1319 1668 1580 1730 infelicior
1608 1694 1620 1728 :
1681 1676 1780 1748 plu

363 1767 418 1818 in
443 1754 544 1836 ipsa
568 1750 786 1837 quoquc
818 1757 947 1814 boni
972 1758 1124 1812 inerit
1153 1775 1311 1831 quam
1338 1756 1481 1813 mali.
1549 1749 1786 1834 cumquae-

364 1843 578 1902 nonnisi
613 1864 670 1901 ea
703 1847 989 1901 timeamus
1014 1880 1031 1906 ,
1087 1858 1204 1916 quae
1244 1841 1364 1916 plus
1398 1839 1522 1898 mali
1563 1837 1782 1899 inferunt

364 1949 530 2007 quam
552 1932 707 1993 boni,
759 1948 870 1984 non
896 1923 987 1982 effe
1009 1927 1354 1982 metuendam
1381 1943 1638 1993 mortem,
1681 1946 1770 2003 qu}

368 2010 561 2072 Christi
596 2010 778 2070 similis
813 2007 916 2075 est,
957 2011 1229 2067 euidenter
1257 2010 1589 2090 intelligitur.
1671 2011 1773 2074 Per:

367 2117 520 2165 cant,
563 2102 653 2176 qui
675 2100 738 2155 ab
760 2117 824 2154 eo
852 2098 1138 2159 recedunt,
1180 2098 1331 2172 quod
1365 2090 1671 2153 faciendum
1698 2091 1775 2153 est

366 2204 459 2242 aut
490 2183 882 2257 omittendum:
925 2199 1053 2257 ergo
1085 2175 1142 2235 &
1171 2179 1323 2256 culpa
1347 2200 1460 2237 non
1475 2198 1779 2257 vacant,qt,

363 2271 556 2331 mortis
593 2261 871 2340 tantopere
914 2262 1275 2339 percelluntur
1311 2282 1482 2322 metu.
1575 2259 1713 2324 Inest
1742 2267 1768 2320 i.

364 2353 465 2430 ipsa
481 2352 608 2429 plus
629 2354 765 2410 boni
782 2368 945 2430 quam
977 2348 1119 2404 mali.
1185 2350 1326 2428 Qis
1350 2367 1533 2408 autem
1557 2368 1671 2407 non
1695 2344 1779 2406 fet

367 2456 454 2496 tur
484 2442 540 2493 in
575 2439 627 2495 id
652 2456 869 2502 amore,
909 2432 1062 2511 quod
1102 2433 1219 2507 plus
1257 2437 1386 2492 boni
1423 2429 1766 2511 compleffltu

365 2542 425 2579 ac
450 2521 575 2578 mali
600 2520 618 2577 ἓ
680 2542 795 2579 non
819 2540 948 2601 ergo
974 2518 1161 2577 beatus
1193 2522 1378 2578 obitus
1402 2538 1584 2580 amore
1607 2511 1766 2599 nostr·

361 2607 612 2685 indignus
636 2602 727 2663 est.

402 2713 545 2772 (266)
580 2710 624 2754 Si
646 2705 884 2756 consensus
903 2706 1125 2755 machinae
1145 2707 1330 2766 mnndi,
1373 2708 1445 2756 seu
1464 2719 1609 2770 regno
1625 2714 1762 2752 natur

434 2790 509 2837 per
523 2772 745 2820 Christum
767 2772 1025 2819 inferendus
1049 2770 1226 2829 fuiffet3
1260 2772 1466 2820 diffensus
1487 2784 1594 2818 ante
1615 2770 1664 2816 in
1674 2783 1766 2816 crea

437 2839 547 2885 turis
572 2837 788 2884 habuisset
809 2838 963 2883 locum
978 2869 992 2894 ,
1027 2851 1172 2901 eoque
1185 2853 1298 2901 opus
1320 2839 1424 2885 DEI
1436 2835 1655 2883 creatoris
1667 2847 1766 2880 coir.

434 2900 692 2952 maculasset
730 2899 1020 2967 imperfectio
1045 2920 1057 2949 ε
1111 2918 1212 2954 non
1243 2901 1326 2954 illa
1359 2902 1482 2954 enim
1513 2896 1765 3012 impergeffi

1682 2977 1766 3015 om
