1802 3230
194 123 548 177 recentiorum
574 113 629 172 in
649 115 878 173 articulo
896 111 1264 190 desbrt'ptura.
1316 139 1319 141 ’
1357 131 1379 169 1
1393 117 1432 169 ὅ
1437 131 1469 187 7

30 234 177 297 nulla
210 239 414 294 ratione
444 231 716 292 sufficienti
743 228 1257 303 fultum'imperium
1287 229 1470 302 ponti-

27 320 159 382 ficis·
217 322 358 401 Qis
385 317 756 378 au&oritatem
777 316 1000 378 toleret,
1017 330 1135 389 quae
1162 309 1363 368 nullam
1389 312 1464 367 ob
1522 371 1524 373 ,

27 401 246 485 caussam
287 403 337 463 se
367 402 645 469 obtrudit,
689 420 848 478 quam
889 401 1007 474 quia
1045 411 1269 473 conatur
1308 394 1464 452 aliam

25 489 208 558 multo
225 493 532 568 digniorem
559 502 869 565 oppugnare
899 501 998 538 nec
1021 500 1134 540 non
1165 474 1464 537 destruere?

18 575 111 631 esic
144 577 197 630 in
234 572 543 653 syllogismo
577 591 674 648 pro
706 564 1017 626 anaoritate
1045 562 1298 622 sacrarum
1344 559 1468 620 for-

27 654 178 714 mato
213 655 504 716 litterarum
535 661 791 713 maiorem
834 647 1172 728 philosophia
1201 650 1465 705 recentio-

18 760 150 799 srum
173 745 405 817 praebet,
439 745 707 799 minorem
738 734 968 814 suggerit
995 735 1309 806 experientia
1333 748 1466 787 cum

23 828 256 892 interna,
297 844 418 886 tum
441 843 669 883 externa.
753 812 995 887 Nonest
1033 819 1194 894 igitur
1229 813 1368 872 illius
1408 817 1464 871 in

56 906 256 968 raesenti
282 910 410 968 loco
433 910 612 967 nullus
634 904 786 984 plane
809 901 947 961 vsus,
972 901 1164 972 (225)

39 1020 208 1084 (τις)
240 1018 579 1065 Αυόὶοτίῑεῖεσι
606 1012 685 1060 fibi
707 1011 936 1059 vindicare
956 1009 1082 1056 nulla
1105 1007 1287 1056 ratione
1310 1004 1467 1053 muni-

87 1099 183 1145 tam
205 1082 456 1143 importuni
479 1080 593 1129 solet
614 1078 696 1126 esse
714 1077 928 1124 hominis·
996 1075 1146 1138 Qam
1171 1071 1359 1119 ridicule
1372 1073 1466 1118 Ca-

82 1156 168 1197 nus
183 1149 330 1195 L.VI.
357 1162 455 1209 cap.
472 1155 514 1202 3,
539 1145 686 1191 locor.
703 1141 908 1203 theolog.
925 1138 1077 1185 scribit
1097 1156 1107 1185 ι
1141 1140 1266 1201 Papae
1290 1138 1466 1183 conclu-

76 1214 216 1279 fiones
239 1209 312 1275 effe
333 1213 466 1258 ‘veras
491 1206 550 1265 &⁸
570 1206 824 1270 neceffarias·
833 1237 850 1260 ‚
867 1203 941 1268 etst
952 1201 1169 1266 praemtffae
1180 1218 1254 1248 nec
1263 1216 1379 1248 verae
1391 1216 1468 1247 nec

61 1274 204 1326 'reela
227 1276 320 1340 sint
338 1279 363 1324 ἓ
426 1276 576 1338 Qem
607 1272 725 1319 ridet
750 1271 847 1316 iure
870 1266 1162 1315 Hulsemann.
1195 1267 1245 1312 in
1267 1264 1469 1311 manual·

81 1341 272 1403 August.
299 1337 487 1386 confess.
522 1336 631 1400 disp.
650 1353 722 1396 ¹3·
747 1351 792 1397 p.
820 1350 925 1396 575.
988 1348 1150 1379 nouum
1174 1330 1229 1376 id
1246 1336 1298 1377 in
1324 1332 1469 1392 logica

77 1408 369 1470 priuilegium
390 1417 577 1449 vocans,
622 1400 831 1447 Addatur
853 1397 1021 1444 Thom.
1046 1398 1182 1441 Cren.
1210 1396 1258 1441 in
1277 1404 1381 1441 not.
1408 1389 1468 1440 ad

91 1468 294 1516 Gabriel.
304 1467 492 1516 Naudaei
505 1462 814 1528 bibliograph.
830 1462 964 1526 polit.
978 1477 1023 1524 p.
1040 1476 1059 1522 5
1072 1476 1090 1522 3
1103 1463 1124 1506 6
1134 1492 1146 1506 2

275 1645 278 1650 Ι
642 1579 687 1641 §.
739 1590 870 1649 143.

95 1694 103 1701 ²
169 1678 398 1739 Cuidam
440 1673 741 1740 aucloritati
781 1674 1108 1734 credendum
1146 1668 1218 1733 est
1258 1668 1366 1731 sine
1388 1690 1465 1729 ra«
1487 1693 1736 1742 Austoritas

12 1766 202 1832 itione,
243 1784 370 1823 cum
407 1782 435 1820 a
476 1769 680 1819 ratione
719 1778 897 1820 tamen
933 1755 1189 1817 disiunfla
1221 1778 1333 1814 non
1369 1754 1460 1814 fit:
1485 1776 1596 1808 coeca
1620 1757 1669 1813 ες

19 1847 152 1927 'saepe
169 1866 351 1907 tamen
382 1850 569 1903 rationi
596 1848 846 1902 tribuitur
869 1843 1002 1903 fides
1019 1885 1035 1910 ,
1060 1863 1179 1921 quae
1198 1844 1261 1899 ab
1276 1837 1461 1899 auelo·
1485 1828 1698 1935 '‘fliam“

0 1935 172 1996 {ritate
193 1937 344 1993 omni
367 1924 587 2008 separata
606 1925 678 1986 est
714 1927 1029 2007 longiffime.
1090 1929 1367 1985 Nimirum
1396 1922 1457 1982 il·
1487 1890 1530 1939 bc
1550 1904 1601 1936 ’ς’

0 2019 2 2069 Ι
23 2016 128 2074 linc
143 2059 159 2082 ,
203 2037 314 2074 non
344 2011 417 2073 est
437 2010 627 2091 praesto
645 2015 778 2069 ratio
802 2011 1025 2087 specialis
1049 2012 1297 2069 credendi
1316 2010 1458 2077 hoc;

0 2095 165 2159 ;.adest
180 2116 360 2158 tamen
378 2099 649 2179 generalis,
667 2114 727 2154 vt
743 2098 919 2154 credas
933 2092 1162 2161 testanti,
1192 2093 1260 2152 sic
1276 2093 1461 2154 auElo·

0 2187 145 2243 ¹⁴⁴ritas
172 2203 297 2245 cum
326 2187 528 2242 ratione
555 2177 836 2239 coniunfla
848 2175 948 2238 est:
985 2181 1110 2238 hinc
1127 2196 1306 2238 autem
1325 2181 1458 2236 ratio

0 2287 50 2324 aa
73 2265 179 2327 fide
204 2265 393 2326 secreta
416 2264 614 2342 semper
638 2261 863 2340 specialis
890 2260 995 2327 est,
1039 2260 1095 2320 δί
1135 2265 1337 2339 absque
1367 2281 1458 2319 au·

13 2346 266 2411 :floritate
290 2352 429 2409 elicit
469 2347 738 2407 assensum.
817 2345 1137 2406 Auiloritati
1166 2349 1357 2405 diuinae
1403 2350 1457 2403 in
1483 2349 1498 2358 '

25 2434 172 2493 fictis
199 2436 461 2513 loquenti,
478 2454 576 2490 nec
602 2432 846 2510 alleganti
864 2437 1123 2489 rationem
1140 2474 1153 2497 ‚
1189 2449 1348 2507 quam
1365 2427 1458 2487 ha-

12 2519 132 2586 *bet,
144 2519 631 2597 obtemperandum
654 2514 760 2583 est3
791 2536 904 2573 eam
931 2514 1357 2574 fideimaximam
1383 2514 1463 2572 dio

13 2617 152 2661 ‘uero
171 2608 302 2671 vim,
331 2624 433 2680 qua
447 2602 644 2659 colitur
670 2593 888 2658 DEVS.
916 2598 1096 2672 (226)
1155 2600 1256 2657 Sed
1280 2594 1466 2656 anelo-

26 2688 146 2744 ritas
162 2706 340 2746 tamen
357 2690 531 2746 diuina
546 2704 819 2761 nunquam
841 2682 945 2742 sine
965 2689 1166 2741 ratione
1183 2679 1254 2740 est
1268 2684 1464 2740 admit-2

25 2773 180 2828 tenda
196 2815 210 2838 ,
229 2793 295 2831 ne
326 2776 378 2829 in
399 2772 737 2829 tenebrarum
754 2767 1070 2826 Muhamecli
1091 2805 1105 2831 ‚
1142 2765 1316 2824 nescio
1337 2785 1469 2842 quas

23 2854 365 2917 reuelationes
381 2872 583 2916 temere
597 2851 867 2933 fingenti5‚
886 2855 1081 2912 incidas
1097 2870 1274 2931 regna.
1358 2850 1469 2907 Hic

694 2937 741 2994 L
782 2956 824 3014 4
1164 2944 1166 2947 '
1355 2946 1460 2992 trao
