1802 3230
338 142 421 200 30
583 174 588 178 .
920 123 1043 204 Gap.
1073 131 1148 187 11.

329 226 471 306 logia
495 241 652 301 nauat
686 243 923 302 operam.
1013 229 1174 288 Priori
1212 231 1510 314 significatu
1531 242 1759 321 amplifi.·

330 300 451 369 cato
483 308 649 367 sensus
673 309 770 366 hac
794 315 905 367 vice
934 314 1370 391 complessemur.
1440 322 1639 382 Eorum
1662 326 1755 399 est,

323 414 573 472 portenta
600 393 726 450 DEI
754 413 850 470 pro
869 396 1217 458 conseruanda
1247 402 1330 461 seu
1358 401 1614 468 firmanda
1640 415 1758 470 reli-

325 484 487 559 gione
515 472 821 546 obseruare,
850 479 979 557 (45)
1011 502 1074 539 ex
1104 484 1386 563 conspicuo
1412 498 1589 569 gratiae
1622 498 1757 555 diui-

322 577 406 622 nae
435 562 587 643 signo
622 560 979 640 vehiculoque
1017 566 1133 626 fidei
1172 566 1419 630 fomenta
1449 572 1754 658 suggerere,

323 668 392 706 ne
417 654 780 727 extinguatur,
814 654 951 722 (46)
995 672 1052 709 ex
1075 649 1326 729 stupenda
1345 665 1533 727 mundi
1550 665 1754 743 machi-

322 753 388 790 na
403 734 742 797 conditorem
762 731 1057 812 agnoscere,
1086 740 1214 815 (47)
1247 761 1307 799 ex
1330 761 1608 819 poenarum
1624 749 1754 823 DEI

321 814 554 898 vestigiis
580 813 827 874 iustitiam
854 824 1055 884 metiri,
1076 825 1326 890 iudicare,
1364 830 1755 910 iudicatamque

320 919 450 960 toto
471 905 701 959 venerari
723 899 967 976 pestore:
1006 911 1140 978 (48)
1163 913 1362 968 verbo:
1398 910 1637 974 sensuum
1664 916 1757 986 est,

321 1006 381 1044 ea
405 984 611 1043 obiesta
637 989 818 1042 omnia
851 1007 962 1044 non
990 1007 1078 1064 per
1103 991 1429 1054 transennam
1465 998 1753 1077 adspicere,

317 1089 598 1149 quotquot
628 1069 874 1127 scalarum
918 1077 1057 1131 vices
1087 1078 1234 1136 obire
1272 1078 1511 1155 possunt,
1560 1091 1756 1164 quibus

319 1158 387 1214 ad
410 1158 780 1235 cognitionem
798 1158 1254 1239 'reuerentiamque
1273 1165 1402 1224 DEI
1425 1169 1598 1226 aditus
1621 1174 1753 1250 prae·

319 1244 509 1306 betur,
544 1258 704 1317 atque
735 1239 1023 1301 adscensus.
1095 1245 1276 1306 Facilia
1314 1248 1429 1309 haec
1462 1250 1609 1321 sunt,
1637 1251 1693 1313 ἃ
1721 1276 1752 1315 a

319 1328 569 1393 nemine,
612 1327 764 1398 quod
790 1323 1035 1395 sciam,in
1056 1331 1279 1398 dubium
1315 1355 1613 1406 vocantur,
1655 1338 1691 1407 fi
1720 1361 1750 1401 a

317 1408 435 1469 solo
466 1406 735 1469 discefferis
760 1411 988 1470 Hueti0.

353 1514 465 1574 (45)
498 1510 607 1558 Vid.
629 1527 699 1574 ep.
713 1511 820 1561 Ebr.
843 1528 942 1575 cap.
965 1516 1024 1562 ΙΙ.
1042 1534 1091 1577 4.

352 1579 463 1639 (46)
497 1575 608 1625 Vid.
624 1577 798 1625 Matth.
820 1581 992 1629 XXVI.
1012 1588 1087 1629 26.
1114 1592 1279 1646 27.28.
1323 1587 1579 1658 LCorinth.
1592 1591 1653 1640 X.
1673 1592 1747 1642 16.

385 1643 525 1692 mxl.
554 1658 723 1703 24.25.
750 1646 824 1690 26.
1337 1679 1342 1680 ν
1669 1689 1671 1693 .

351 1731 461 1788 (47)
493 1726 602 1774 Vid.
622 1729 807 1774 Rom.1.
835 1744 910 1776 zo.
944 1727 1166 1778 Iesai.XL.
1190 1736 1268 1796 per
1288 1745 1401 1795 tot.-

354 1793 467 1856 (48)
493 1792 602 1841 vid.
628 1796 664 1842 Ι.
680 1793 791 1841 Cor.
805 1795 864 1841 X.
881 1800 924 1841 6.
962 1823 985 1833 -
1023 1799 1079 1844 11.
1103 1799 1191 1846 &c-

930 1906 979 1975 §f-
1025 1907 1124 1965 26.

49 2012 118 2059 De
147 2016 298 2059 ratio·
461 2006 720 2090 Rigo-tose
758 2011 1039 2091 loquendo
1080 2035 1107 2073 a
1143 2012 1373 2077 sensibus
1410 2025 1551 2080 ratio
1585 2042 1747 2102 quam

49 2080 118 2126 nis
142 2075 243 2143 vfic.
316 2091 611 2170 plurimum
646 2088 860 2155 differt:
913 2100 1053 2178 (49)
1086 2099 1354 2163 coarRato
1388 2109 1561 2187 igitur
1577 2110 1751 2168 rursus

319 2177 574 2236 vocabuli
606 2175 900 2257 significatu
924 2220 940 2248 ‚
992 2187 1138 2262 quod
1169 2206 1260 2264 par
1282 2185 1383 2252 est,
1430 2193 1748 2263 dicendum,

319 2265 596 2339 quodnam
626 2268 764 2331 eius,
819 2266 927 2323 hoc
955 2272 1149 2330 intuitu
1175 2275 1228 2328 in
1259 2278 1416 2332 rebus
1454 2274 1601 2334 sacris
1629 2279 1750 2336 offi-

319 2350 464 2404 cium
497 2345 561 2404 sit
581 2390 596 2414 ,
639 2352 824 2425 quisue
853 2349 1014 2410 vsus?
1069 2354 1337 2432 loquimur
1359 2380 1542 2421 autem·
1561 2369 1751 2420 etiam·

318 2450 452 2490 num
484 2438 549 2490 de
588 2437 824 2501 ratione,
871 2456 991 2515 quae
1035 2433 1252 2498 facultas
1301 2441 1403 2513 est,
1459 2451 1748 2525 veritatum

316 2536 482 2574 nex-us
530 2515 883 2595 perspiciendi.
967 2522 1246 2582 Rationem
1294 2533 1348 2587 in
1384 2531 1750 2608 ampiefienda

318 2598 427 2659 fide
440 2608 730 2678 generatim
746 2601 1067 2663 necessariam
1084 2606 1188 2676 effe,
1204 2610 1583 2692 haud‚opinor,
1604 2622 1749 2695 quis·

321 2704 485 2761 quam
513 2693 816 2764 negauerit‚
862 2686 953 2747 nisi
989 2686 1046 2747 ἃ
1075 2695 1272 2756 bouem
1317 2701 1641 2781 cognitionis
1673 2698 1748 2759 sa-

323 2788 538 2827 ctorum
554 2775 862 2852 pietatisque
886 2793 1124 2853 capacem
1146 2782 1349 2842 dixerit.
1410 2786 1514 2844 Sed
1544 2804 1752 2862 quous-

324 2873 428 2935 que
452 2858 560 2914 eius
586 2854 780 2921 limites
810 2861 1202 2923 extendantur?
1262 2865 1485 2932 definitu
1517 2870 1751 2929 arduum

1657 2949 1752 3012 est.
